% ------------------------------------------------------------------------
% SAMPLE BIBLIOGRAPHY FILE
% ------------------------------------------------------------------------
@misc{cve-2008-1368,
  key =          {CVE-2008-1368},
  title =        {Publication quality tables in \LaTeX*},
  howpublished = {},
  institution  = {NIST},
  day =       17,
  month =     {March},
  year =         2008,
  note =         {[online] \url{http://nvd.nist.gov/nvd.cfm?cvename=CVE-2008-1368}},
  url = {http://nvd.nist.gov/nvd.cfm?cvename=CVE-2008-1368}
}

@MISC{prime-number-theorem,
   author = "Charles Louis Xavier Joseph de la Vall{\'e}e Poussin",
   note = "A strong form of the prime number theorem, 19th century" }

% ------------------------------------------------------------------------
@article{mannion2023unipolar,
  title={Unipolar Potentiation and Depression in Memristive Devices Utilizing the Subthreshold Regime},
  author={Mannion, Daniel John and Vu, Viet Cuong and Ng, Wing Hung and Mehonic, Adnan and Kenyon, Anthony J},
  journal={IEEE Transactions on Nanotechnology},
  volume={22},
  pages={313--320},
  year={2023},
  publisher={IEEE}
}

@article{mehonic2020memristors,
  title={Memristors—From in-memory computing, deep learning acceleration, and spiking neural networks to the future of neuromorphic and bio-inspired computing},
  author={Mehonic, Adnan and Sebastian, Abu and Rajendran, Bipin and Simeone, Osvaldo and Vasilaki, Eleni and Kenyon, Anthony J},
  journal={Advanced Intelligent Systems},
  volume={2},
  number={11},
  pages={2000085},
  year={2020},
  publisher={Wiley Online Library}
}

@article{cao2018deep,
  title={Deep learning and its applications in biomedicine},
  author={Cao, Chensi and Liu, Feng and Tan, Hai and Song, Deshou and Shu, Wenjie and Li, Weizhong and Zhou, Yiming and Bo, Xiaochen and Xie, Zhi},
  journal={Genomics, proteomics \& bioinformatics},
  volume={16},
  number={1},
  pages={17--32},
  year={2018},
  publisher={Elsevier}
}

@article{laubenbacher2021using,
  title={Using digital twins in viral infection},
  author={Laubenbacher, Reinhard and Sluka, James P and Glazier, James A},
  journal={Science},
  volume={371},
  number={6534},
  pages={1105--1106},
  year={2021},
  publisher={American Association for the Advancement of Science}
}

@article{poostchi2018image,
  title={Image analysis and machine learning for detecting malaria},
  author={Poostchi, Mahdieh and Silamut, Kamolrat and Maude, Richard J and Jaeger, Stefan and Thoma, George},
  journal={Translational Research},
  volume={194},
  pages={36--55},
  year={2018},
  publisher={Elsevier}
}

@article{poplin2016creating,
  title={Creating a universal SNP and small indel variant caller with deep neural networks},
  author={Poplin, Ryan and Newburger, Dan and Dijamco, Jojo and Nguyen, Nam and Loy, Dion and Gross, Sam S and McLean, Cory Y and DePristo, Mark A},
  journal={BioRxiv},
  pages={092890},
  year={2016},
  publisher={Cold Spring Harbor Laboratory}
}

@article{esteva2019guide,
  title={A guide to deep learning in healthcare},
  author={Esteva, Andre and Robicquet, Alexandre and Ramsundar, Bharath and Kuleshov, Volodymyr and DePristo, Mark and Chou, Katherine and Cui, Claire and Corrado, Greg and Thrun, Sebastian and Dean, Jeff},
  journal={Nature medicine},
  volume={25},
  number={1},
  pages={24--29},
  year={2019},
  publisher={Nature Publishing Group}
}

@article{kearnes2016molecular,
  title={Molecular graph convolutions: moving beyond fingerprints},
  author={Kearnes, Steven and McCloskey, Kevin and Berndl, Marc and Pande, Vijay and Riley, Patrick},
  journal={Journal of computer-aided molecular design},
  volume={30},
  number={8},
  pages={595--608},
  year={2016},
  publisher={Springer}
}

@article{eraslan2019deep,
  title={Deep learning: new computational modelling techniques for genomics},
  author={Eraslan, G{\"o}kcen and Avsec, {\v{Z}}iga and Gagneur, Julien and Theis, Fabian J},
  journal={Nature Reviews Genetics},
  volume={20},
  number={7},
  pages={389--403},
  year={2019},
  publisher={Nature Publishing Group}
}

@article{leung2015machine,
  title={Machine learning in genomic medicine: a review of computational problems and data sets},
  author={Leung, Michael KK and Delong, Andrew and Alipanahi, Babak and Frey, Brendan J},
  journal={Proceedings of the IEEE},
  volume={104},
  number={1},
  pages={176--197},
  year={2015},
  publisher={IEEE}
}

@article{tomavsev2020ai,
  title={AI for social good: unlocking the opportunity for positive impact},
  author={Toma{\v{s}}ev, Nenad and Cornebise, Julien and Hutter, Frank and Mohamed, Shakir and Picciariello, Angela and Connelly, Bec and Belgrave, Danielle CM and Ezer, Daphne and van der Haert, Fanny Cachat and Mugisha, Frank and others},
  journal={Nature Communications},
  volume={11},
  number={1},
  pages={1--6},
  year={2020},
  publisher={Nature Publishing Group}
}

@article{cheol2018wearable,
  title={Wearable devices for precision medicine and health state monitoring},
  author={cheol Jeong, In and Bychkov, David and Searson, Peter C},
  journal={IEEE Transactions on Biomedical Engineering},
  volume={66},
  number={5},
  pages={1242--1258},
  year={2018},
  publisher={IEEE}
}

@article{denny2021precision,
  title={Precision medicine in 2030—seven ways to transform healthcare},
  author={Denny, Joshua C and Collins, Francis S},
  journal={Cell},
  volume={184},
  number={6},
  pages={1415--1419},
  year={2021},
  publisher={Elsevier}
}

@article{zidan2018future,
  title={The future of electronics based on memristive systems},
  author={Zidan, Mohammed A and Strachan, John Paul and Lu, Wei D},
  journal={Nature electronics},
  volume={1},
  number={1},
  pages={22--29},
  year={2018},
  publisher={Nature Publishing Group}
}

@article{lippmann1987introduction,
  title={An introduction to computing with neural nets},
  author={Lippmann, Richard},
  journal={IEEE Assp magazine},
  volume={4},
  number={2},
  pages={4--22},
  year={1987},
  publisher={IEEE}
}

@article{mead2020we,
  title={How we created neuromorphic engineering},
  author={Mead, Carver},
  journal={Nature Electronics},
  volume={3},
  number={7},
  pages={434--435},
  year={2020},
  publisher={Nature Publishing Group}
}

@inproceedings{aazam2014cloud,
  title={Cloud of Things: Integrating Internet of Things and cloud computing and the issues involved},
  author={Aazam, Mohammad and Khan, Imran and Alsaffar, Aymen Abdullah and Huh, Eui-Nam},
  booktitle={Proceedings of 2014 11th International Bhurban Conference on Applied Sciences \& Technology (IBCAST) Islamabad, Pakistan, 14th-18th January, 2014},
  pages={414--419},
  year={2014},
  organization={IEEE}
}

@article{alessio2014integration,
  title={On the integration of cloud computing and internet of things},
  author={Alessio, Botta and De Donato, Walter and Persico, Valerio and Pescap{\'e}, Antonio},
  journal={Proc. Future internet of things and cloud (FiCloud)},
  pages={23--30},
  year={2014}
}

@article{farahani2018towards,
  title={Towards fog-driven IoT eHealth: Promises and challenges of IoT in medicine and healthcare},
  author={Farahani, Bahar and Firouzi, Farshad and Chang, Victor and Badaroglu, Mustafa and Constant, Nicholas and Mankodiya, Kunal},
  journal={Future Generation Computer Systems},
  volume={78},
  pages={659--676},
  year={2018},
  publisher={Elsevier}
}

@article{rahmani2018exploiting,
  title={Exploiting smart e-Health gateways at the edge of healthcare Internet-of-Things: A fog computing approach},
  author={Rahmani, Amir M and Gia, Tuan Nguyen and Negash, Behailu and Anzanpour, Arman and Azimi, Iman and Jiang, Mingzhe and Liljeberg, Pasi},
  journal={Future Generation Computer Systems},
  volume={78},
  pages={641--658},
  year={2018},
  publisher={Elsevier}
}

@incollection{raj2020stepping,
  title={Stepping into the digitally instrumented and interconnected era},
  author={Raj, Pethuru and Lin, Jenn-Wei},
  booktitle={Advances in Computers},
  volume={117},
  number={1},
  pages={1--34},
  year={2020},
  publisher={Elsevier}
}

@inproceedings{shi2019survey,
  title={A survey of hybrid deep learning methods for traffic flow prediction},
  author={Shi, Yan and Feng, Haoran and Geng, Xiongfei and Tang, Xingui and Wang, Yongcai},
  booktitle={Proceedings of the 2019 3rd international conference on advances in image processing},
  pages={133--138},
  year={2019}
}

@article{krizhevsky2017imagenet,
  title={Imagenet classification with deep convolutional neural networks},
  author={Krizhevsky, Alex and Sutskever, Ilya and Hinton, Geoffrey E},
  journal={Communications of the ACM},
  volume={60},
  number={6},
  pages={84--90},
  year={2017},
  publisher={AcM New York, NY, USA}
}

@article{von1993first,
  title={First Draft of a Report on the EDVAC},
  author={Von Neumann, John},
  journal={IEEE Annals of the History of Computing},
  volume={15},
  number={4},
  pages={27--75},
  year={1993},
  publisher={IEEE}
}

@article{rong2020artificial,
  title={Artificial intelligence in healthcare: review and prediction case studies},
  author={Rong, Guoguang and Mendez, Arnaldo and Assi, Elie Bou and Zhao, Bo and Sawan, Mohamad},
  journal={Engineering},
  volume={6},
  number={3},
  pages={291--301},
  year={2020},
  publisher={Elsevier}
}

@inproceedings{jindal2016integrating,
  title={Integrating mobile and cloud for PPG signal selection to monitor heart rate during intensive physical exercise},
  author={Jindal, Vasu},
  booktitle={Proceedings of the International Conference on Mobile Software Engineering and Systems},
  pages={36--37},
  year={2016}
}

@article{sundaravadivel2018smart,
  title={Smart-Log: A deep-learning based automated nutrition monitoring system in the IoT},
  author={Sundaravadivel, Prabha and Kesavan, Kavya and Kesavan, Lokeshwar and Mohanty, Saraju P and Kougianos, Elias},
  journal={IEEE Transactions on Consumer Electronics},
  volume={64},
  number={3},
  pages={390--398},
  year={2018},
  publisher={IEEE}
}

@article{shi2018prediction,
  title={Prediction of occult invasive disease in ductal carcinoma in situ using deep learning features},
  author={Shi, Bibo and Grimm, Lars J and Mazurowski, Maciej A and Baker, Jay A and Marks, Jeffrey R and King, Lorraine M and Maley, Carlo C and Hwang, E Shelley and Lo, Joseph Y},
  journal={Journal of the American College of Radiology},
  volume={15},
  number={3},
  pages={527--534},
  year={2018},
  publisher={Elsevier}
}

@article{liu2019comparison,
  title={A comparison of deep learning performance against health-care professionals in detecting diseases from medical imaging: a systematic review and meta-analysis},
  author={Liu, Xiaoxuan and Faes, Livia and Kale, Aditya U and Wagner, Siegfried K and Fu, Dun Jack and Bruynseels, Alice and Mahendiran, Thushika and Moraes, Gabriella and Shamdas, Mohith and Kern, Christoph and others},
  journal={The lancet digital health},
  volume={1},
  number={6},
  pages={e271--e297},
  year={2019},
  publisher={Elsevier}
}

@article{liu2019mr,
  title={MR-based treatment planning in radiation therapy using a deep learning approach},
  author={Liu, Fang and Yadav, Poonam and Baschnagel, Andrew M and McMillan, Alan B},
  journal={Journal of applied clinical medical physics},
  volume={20},
  number={3},
  pages={105--114},
  year={2019},
  publisher={Wiley Online Library}
}

@article{zhu2020application,
  title={The application of deep learning in cancer prognosis prediction},
  author={Zhu, Wan and Xie, Longxiang and Han, Jianye and Guo, Xiangqian},
  journal={Cancers},
  volume={12},
  number={3},
  pages={603},
  year={2020},
  publisher={MDPI}
}

@article{kalaiselvi2017survey,
  title={Survey of using GPU CUDA programming model in medical image analysis},
  author={Kalaiselvi, T and Sriramakrishnan, P and Somasundaram, K},
  journal={Informatics in Medicine Unlocked},
  volume={9},
  pages={133--144},
  year={2017},
  publisher={Elsevier}
}

@inproceedings{jouppi2017datacenter,
  title={In-datacenter performance analysis of a tensor processing unit},
  author={Jouppi, Norman P and Young, Cliff and Patil, Nishant and Patterson, David and Agrawal, Gaurav and Bajwa, Raminder and Bates, Sarah and Bhatia, Suresh and Boden, Nan and Borchers, Al and others},
  booktitle={Proceedings of the 44th annual international symposium on computer architecture},
  pages={1--12},
  year={2017}
}

@inproceedings{alhashmi2020systematic,
  title={A systematic review of the factors affecting the artificial intelligence implementation in the health care sector},
  author={Alhashmi, Shaikha FS and Alshurideh, Muhammad and Kurdi, Barween Al and Salloum, Said A},
  booktitle={The International Conference on Artificial Intelligence and Computer Vision},
  pages={37--49},
  year={2020},
  organization={Springer}
}

@misc{index2019annual,
  title={Annual Report/Human-Centered AI Institute},
  author={Index, Artificial Intelligence},
  year={2019},
  publisher={Stanford University. URL: https://hai. stanford. edu/sites/g/files~…}
}

@article{zemouri2019deep,
  title={Deep learning in the biomedical applications: Recent and future status},
  author={Zemouri, Ryad and Zerhouni, Noureddine and Racoceanu, Daniel},
  journal={Applied Sciences},
  volume={9},
  number={8},
  pages={1526},
  year={2019},
  publisher={MDPI}
}

@article{smistad2015medical,
  title={Medical image segmentation on GPUs--A comprehensive review},
  author={Smistad, Erik and Falch, Thomas L and Bozorgi, Mohammadmehdi and Elster, Anne C and Lindseth, Frank},
  journal={Medical image analysis},
  volume={20},
  number={1},
  pages={1--18},
  year={2015},
  publisher={Elsevier}
}

@incollection{farahani2020healthcare,
  title={Healthcare iot},
  author={Farahani, Bahar and Firouzi, Farshad and Chakrabarty, Krishnendu},
  booktitle={Intelligent internet of things},
  pages={515--545},
  year={2020},
  publisher={Springer}
}

@article{xie2019deep,
  title={Deep learning for image analysis: Personalizing medicine closer to the point of care},
  author={Xie, Quin and Faust, Kevin and Van Ommeren, Randy and Sheikh, Adeel and Djuric, Ugljesa and Diamandis, Phedias},
  journal={Critical Reviews in Clinical Laboratory Sciences},
  volume={56},
  number={1},
  pages={61--73},
  year={2019},
  publisher={Taylor \& Francis}
}

@article{hartmann2022edge,
  title={Edge computing in smart health care systems: Review, challenges, and research directions},
  author={Hartmann, Morghan and Hashmi, Umair Sajid and Imran, Ali},
  journal={Transactions on Emerging Telecommunications Technologies},
  volume={33},
  number={3},
  pages={e3710},
  year={2022},
  publisher={Wiley Online Library}
}

@article{indiveri2021introducing,
  title={Introducing ‘Neuromorphic Computing and Engineering’},
  author={Indiveri, Giacomo},
  journal={Neuromorphic Computing and Engineering},
  volume={1},
  number={1},
  pages={010401},
  year={2021},
  publisher={IOP Publishing}
}

@article{di2009circuit,
  title={Circuit elements with memory: memristors, memcapacitors, and meminductors},
  author={Di Ventra, Massimiliano and Pershin, Yuriy V and Chua, Leon O},
  journal={Proceedings of the IEEE},
  volume={97},
  number={10},
  pages={1717--1724},
  year={2009},
  publisher={Ieee}
}

@article{jo2010nanoscale,
  title={Nanoscale memristor device as synapse in neuromorphic systems},
  author={Jo, Sung Hyun and Chang, Ting and Ebong, Idongesit and Bhadviya, Bhavitavya B and Mazumder, Pinaki and Lu, Wei},
  journal={Nano letters},
  volume={10},
  number={4},
  pages={1297--1301},
  year={2010},
  publisher={ACS Publications}
}

@article{saighi2015plasticity,
  title={Plasticity in memristive devices for spiking neural networks},
  author={Sa{\"\i}ghi, Sylvain and Mayr, Christian G and Serrano-Gotarredona, Teresa and Schmidt, Heidemarie and Lecerf, Gwendal and Tomas, Jean and Grollier, Julie and Boyn, S{\"o}ren and Vincent, Adrien F and Querlioz, Damien and others},
  journal={Frontiers in neuroscience},
  volume={9},
  pages={51},
  year={2015},
  publisher={Frontiers Media SA}
}

@article{zamarreno2011spike,
  title={On spike-timing-dependent-plasticity, memristive devices, and building a self-learning visual cortex},
  author={Zamarre{\~n}o-Ramos, Carlos and Camu{\~n}as-Mesa, Luis A and P{\'e}rez-Carrasco, Jose A and Masquelier, Timoth{\'e}e and Serrano-Gotarredona, Teresa and Linares-Barranco, Bernab{\'e}},
  journal={Frontiers in neuroscience},
  volume={5},
  pages={26},
  year={2011},
  publisher={Frontiers Research Foundation}
}

@article{chua1971memristor,
  title={Memristor-the missing circuit element},
  author={Chua, Leon},
  journal={IEEE Transactions on circuit theory},
  volume={18},
  number={5},
  pages={507--519},
  year={1971},
  publisher={IEEE}
}

@incollection{chua2019resistance,
  title={Resistance switching memories are memristors},
  author={Chua, Leon},
  booktitle={Handbook of memristor networks},
  pages={197--230},
  year={2019},
  publisher={Springer}
}

@article{strukov2008missing,
  title={The missing memristor found},
  author={Strukov, Dmitri B and Snider, Gregory S and Stewart, Duncan R and Williams, R Stanley},
  journal={nature},
  volume={453},
  number={7191},
  pages={80--83},
  year={2008},
  publisher={Nature Publishing Group}
}

@article{chua1976memristive,
  title={Memristive devices and systems},
  author={Chua, Leon O and Kang, Sung Mo},
  journal={Proceedings of the IEEE},
  volume={64},
  number={2},
  pages={209--223},
  year={1976},
  publisher={IEEE}
}

@article{wen2012dynamics,
  title={Dynamics analysis of a class of memristor-based recurrent networks with time-varying delays in the presence of strong external stimuli},
  author={Wen, Shiping and Zeng, Zhigang},
  journal={Neural processing letters},
  volume={35},
  number={1},
  pages={47--59},
  year={2012},
  publisher={Springer}
}

@phdthesis{du2017metal,
  title={Metal Oxide Memristors with Internal Dynamics for Neuromorphic Applications},
  author={Du, Chao},
  year={2017},
  school={The University of Michigan, US}
}

@article{mehonic2018silicon,
  title={Silicon oxide (SiOx): A promising material for resistance switching?},
  author={Mehonic, Adnan and Shluger, Alexander L and Gao, David and Valov, Ilia and Miranda, Enrique and Ielmini, Daniele and Bricalli, Alessandro and Ambrosi, Elia and Li, Can and Yang, J Joshua and others},
  journal={Advanced materials},
  volume={30},
  number={43},
  pages={1801187},
  year={2018},
  publisher={Wiley Online Library}
}

@article{liu2010controllable,
  title={Controllable growth of nanoscale conductive filaments in solid-electrolyte-based ReRAM by using a metal nanocrystal covered bottom electrode},
  author={Liu, Qi and Long, Shibing and Lv, Hangbing and Wang, Wei and Niu, Jiebin and Huo, Zongliang and Chen, Junning and Liu, Ming},
  journal={ACS nano},
  volume={4},
  number={10},
  pages={6162--6168},
  year={2010},
  publisher={ACS Publications}
}

@article{goux2016electrochemical,
  title={Electrochemical processes and device improvement in conductive bridge RAM cells},
  author={Goux, Ludovic and Valov, Ilia},
  journal={physica status solidi (a)},
  volume={213},
  number={2},
  pages={274--288},
  year={2016},
  publisher={Wiley Online Library}
}

@incollection{waser2010nanoionics,
  title={Nanoionics-based resistive switching memories},
  author={Waser, Rainer and Aono, Masakazu},
  booktitle={Nanoscience and technology: A collection of reviews from nature journals},
  pages={158--165},
  year={2010},
  publisher={World Scientific}
}

@article{liu2015categorization,
  title={Categorization of multilevel-cell storage-class memory: an RRAM example},
  author={Liu, Jen-Chieh and Hsu, Chung-Wei and Wang, I-Ting and Hou, Tuo-Hung},
  journal={IEEE Transactions on Electron Devices},
  volume={62},
  number={8},
  pages={2510--2516},
  year={2015},
  publisher={IEEE}
}

@article{wang2017memristors,
  title={Memristors with diffusive dynamics as synaptic emulators for neuromorphic computing},
  author={Wang, Zhongrui and Joshi, Saumil and Savel’ev, Sergey E and Jiang, Hao and Midya, Rivu and Lin, Peng and Hu, Miao and Ge, Ning and Strachan, John Paul and Li, Zhiyong and others},
  journal={Nature materials},
  volume={16},
  number={1},
  pages={101--108},
  year={2017},
  publisher={Nature Publishing Group}
}

@inproceedings{lee2010evidence,
  title={Evidence and solution of over-RESET problem for HfO x based resistive memory with sub-ns switching speed and high endurance},
  author={Lee, HY and Chen, YS and Chen, PS and Gu, PY and Hsu, YY and Wang, SM and Liu, WH and Tsai, CH and Sheu, SS and Chiang, PC and others},
  booktitle={2010 International Electron Devices Meeting},
  pages={19--7},
  year={2010},
  organization={IEEE}
}

@article{waser2009redox,
  title={Redox-based resistive switching memories--nanoionic mechanisms, prospects, and challenges},
  author={Waser, Rainer and Dittmann, Regina and Staikov, Georgi and Szot, Kristof},
  journal={Advanced materials},
  volume={21},
  number={25-26},
  pages={2632--2663},
  year={2009},
  publisher={Wiley Online Library}
}

@article{kim2011nanofilamentary,
  title={Nanofilamentary resistive switching in binary oxide system; a review on the present status and outlook},
  author={Kim, Kyung Min and Jeong, Doo Seok and Hwang, Cheol Seong},
  journal={Nanotechnology},
  volume={22},
  number={25},
  pages={254002},
  year={2011},
  publisher={IOP Publishing}
}

@article{gao2016mechanism,
  title={A mechanism for Frenkel defect creation in amorphous SiO2 facilitated by electron injection},
  author={Gao, David Z and El-Sayed, Al-Moatasem and Shluger, Alexander L},
  journal={Nanotechnology},
  volume={27},
  number={50},
  pages={505207},
  year={2016},
  publisher={IOP Publishing}
}

@article{li2017resistive,
  title={Resistive switching performance improvement via modulating nanoscale conductive filament, involving the application of two-dimensional layered materials},
  author={Li, Yu and Long, Shibing and Liu, Qi and Lv, Hangbing and Liu, Ming},
  journal={Small},
  volume={13},
  number={35},
  pages={1604306},
  year={2017},
  publisher={Wiley Online Library}
}

@misc{menke2009separation,
  title={Separation of bulk and interface contributions to electroforming and resistive switching behavior of epitaxial Fe-doped SrTiO 3},
  author={Menke, T and Meuffels, P and Dittmann, R and Szot, K and Waser, R},
  year={2009},
  publisher={American Institute of Physics}
}

@inproceedings{wei2008highly,
  title={Highly reliable TaOx ReRAM and direct evidence of redox reaction mechanism},
  author={Wei, Zhiqiang and Kanzawa, Y and Arita, K and Katoh, Y and Kawai, K and Muraoka, S and Mitani, S and Fujii, S and Katayama, K and Iijima, M and others},
  booktitle={2008 IEEE International Electron Devices Meeting},
  pages={1--4},
  year={2008},
  organization={IEEE}
}

@article{mehonic2012resistive,
  title={Resistive switching in silicon suboxide films},
  author={Mehonic, Adnan and Cueff, S{\'e}bastien and Wojdak, Maciej and Hudziak, Stephen and Jambois, Olivier and Labb{\'e}, Christophe and Garrido, Blas and Rizk, Richard and Kenyon, Anthony J},
  journal={Journal of Applied Physics},
  volume={111},
  number={7},
  pages={074507},
  year={2012},
  publisher={American Institute of Physics}
}

@article{jeong2007coexistence,
  title={Coexistence of bipolar and unipolar resistive switching behaviors in a Pt/ TiO2/ Pt stack},
  author={Jeong, Doo Seok and Schroeder, Herbert and Waser, Rainer},
  journal={Electrochemical and solid-state letters},
  volume={10},
  number={8},
  pages={G51},
  year={2007},
  publisher={IOP Publishing}
}

@article{yun2007random,
  title={Random and localized resistive switching observation in Pt/NiO/Pt},
  author={Yun, Jung-Bin and Kim, Sejin and Seo, Sunae and Lee, Myoung-Jae and Kim, Dong-Chul and Ahn, Seung-Eon and Park, Yongsoo and Kim, Jiyoung and Shin, Hyunjung},
  journal={physica status solidi (RRL)--Rapid Research Letters},
  volume={1},
  number={6},
  pages={280--282},
  year={2007},
  publisher={Wiley Online Library}
}

@article{adler1980threshold,
  title={Threshold switching in chalcogenide-glass thin films},
  author={Adler, David and Shur, MS and Silver, M and Ovshinsky, SR},
  journal={Journal of Applied Physics},
  volume={51},
  number={6},
  pages={3289--3309},
  year={1980},
  publisher={American Institute of Physics}
}

@article{chang2008effects,
  title={Effects of heat dissipation on unipolar resistance switching in Pt/ Ni O/ Pt capacitors},
  author={Chang, SH and Chae, SC and Lee, SB and Liu, C and Noh, TW and Lee, JS and Kahng, B and Jang, JH and Kim, MY and Kim, D-W and others},
  journal={Applied Physics Letters},
  volume={92},
  number={18},
  pages={183507},
  year={2008},
  publisher={American Institute of Physics}
}

@article{ielmini2010resistance,
  title={Resistance-dependent amplitude of random telegraph-signal noise in resistive switching memories},
  author={Ielmini, Daniele and Nardi, Federico and Cagli, Carlo},
  journal={Applied Physics Letters},
  volume={96},
  number={5},
  pages={053503},
  year={2010},
  publisher={American Institute of Physics}
}

@article{ambrogio2014statistical1,
  title={Statistical fluctuations in hfo x resistive-switching memory: part i-set/reset variability},
  author={Ambrogio, Stefano and Balatti, Simone and Cubeta, Antonio and Calderoni, Alessandro and Ramaswamy, Nirmal and Ielmini, Daniele},
  journal={IEEE Transactions on electron devices},
  volume={61},
  number={8},
  pages={2912--2919},
  year={2014},
  publisher={IEEE}
}

@article{ambrogio2014statistical2,
  title={Statistical fluctuations in HfO x resistive-switching memory: Part II—Random telegraph noise},
  author={Ambrogio, Stefano and Balatti, Simone and Cubeta, Antonio and Calderoni, Alessandro and Ramaswamy, Nirmal and Ielmini, Daniele},
  journal={IEEE Transactions on Electron Devices},
  volume={61},
  number={8},
  pages={2920--2927},
  year={2014},
  publisher={IEEE}
}

@article{moore2006lithography,
  title={Lithography and the Future of Moore's Law},
  author={Moore, Gordon E},
  journal={IEEE Solid-State Circuits Society Newsletter},
  volume={11},
  number={3},
  pages={37--42},
  year={2006},
  publisher={IEEE}
}

@article{yang2013memristive,
  title={Memristive devices for computing},
  author={Yang, J Joshua and Strukov, Dmitri B and Stewart, Duncan R},
  journal={Nature nanotechnology},
  volume={8},
  number={1},
  pages={13--24},
  year={2013},
  publisher={Nature Publishing Group}
}

@article{hu2014review,
  title={Review of nanostructured resistive switching memristor and its applications},
  author={Hu, SG and Wu, SY and Jia, WW and Yu, Q and Deng, LJ and Fu, Yong Qing and Liu, Y and Chen, Tu Pei},
  journal={Nanoscience and Nanotechnology Letters},
  volume={6},
  number={9},
  pages={729--757},
  year={2014},
  publisher={American Scientific Publishers}
}

@inproceedings{cha2013nanoscale,
  title={Nanoscale (~ 10nm) 3D vertical ReRAM and NbO 2 threshold selector with TiN electrode},
  author={Cha, Euijun and Woo, Jiyong and Lee, Daeseok and Lee, Sangheon and Song, Jeonghwan and Koo, Yunmo and Lee, Jihyun and Park, Chan Gyung and Yang, Moon Young and Kamiya, Katsumasa and others},
  booktitle={2013 IEEE International Electron Devices Meeting},
  pages={10--5},
  year={2013},
  organization={IEEE}
}

@article{malik2013governing,
  title={Governing big data: principles and practices},
  author={Malik, Piyush},
  journal={IBM Journal of Research and Development},
  volume={57},
  number={3/4},
  pages={1--1},
  year={2013},
  publisher={IBM}
}

@article{hodgkin1952quantitative,
  title={A quantitative description of membrane current and its application to conduction and excitation in nerve},
  author={Hodgkin, Alan L and Huxley, Andrew F},
  journal={The Journal of physiology},
  volume={117},
  number={4},
  pages={500},
  year={1952},
  publisher={Wiley-Blackwell}
}

@article{schmidhuber2015deep,
  title={Deep learning in neural networks: An overview},
  author={Schmidhuber, J{\"u}rgen},
  journal={Neural networks},
  volume={61},
  pages={85--117},
  year={2015},
  publisher={Elsevier}
}

@incollection{ohno1998diagnosing,
  title={Diagnosing breast cancer from FNAs: variable relevance in neural network and logistic regression models},
  author={Ohno-Machado, Lucila and Bialek, Donald},
  booktitle={MEDINFO'98},
  pages={537--540},
  year={1998},
  publisher={IOS Press}
}

@inproceedings{ku1992artificial,
  title={Artificial neural network for ECG arrhythmia monitoring},
  author={Ku, YH and Tompkins, WJ and Xue, Q},
  booktitle={[Proceedings 1992] IJCNN International Joint Conference on Neural Networks},
  volume={2},
  pages={987--992},
  year={1992},
  organization={IEEE}
}

@article{turing2004computable,
  title={On Computable Numbers, with an Application to the Entscheidungs problem, 1936},
  author={Turing, Alan},
  journal={The essential Turing: seminal writings in computing, logic, philosophy, artificial intelligence, and artificial life, plus the secrets of Enigma},
  pages={58},
  year={2004}
}

@article{mccarthy2006proposal,
  title={A proposal for the dartmouth summer research project on artificial intelligence, august 31, 1955},
  author={McCarthy, John and Minsky, Marvin L and Rochester, Nathaniel and Shannon, Claude E},
  journal={AI magazine},
  volume={27},
  number={4},
  pages={12--12},
  year={2006}
}

@article{fischetti2011computers,
  title={Computers vs. Brains.},
  author={Fischetti, Mark},
  journal={Scientific American},
  volume={305},
  number={5},
  pages={104--104},
  year={2011},
  publisher={Scientific American}
}

@article{silver2017mastering,
  title={Mastering the game of go without human knowledge},
  author={Silver, David and Schrittwieser, Julian and Simonyan, Karen and Antonoglou, Ioannis and Huang, Aja and Guez, Arthur and Hubert, Thomas and Baker, Lucas and Lai, Matthew and Bolton, Adrian and others},
  journal={nature},
  volume={550},
  number={7676},
  pages={354--359},
  year={2017},
  publisher={Nature Publishing Group}
}

@article{bajo2018neural,
  title={Neural networks in distributed computing and artificial intelligence},
  author={Bajo, Javier and Corchado, Juan M},
  journal={Neurocomputing},
  volume={272},
  number={C},
  pages={1--2},
  year={2018},
  publisher={Elsevier Science Publishers BV Amsterdam, The Netherlands, The Netherlands}
}

@article{zbontar2016stereo,
  title={Stereo matching by training a convolutional neural network to compare image patches.},
  author={Zbontar, Jure and LeCun, Yann and others},
  journal={J. Mach. Learn. Res.},
  volume={17},
  number={1},
  pages={2287--2318},
  year={2016}
}

@article{widrow199030,
  title={30 years of adaptive neural networks: perceptron, madaline, and backpropagation},
  author={Widrow, Bernard and Lehr, Michael A},
  journal={Proceedings of the IEEE},
  volume={78},
  number={9},
  pages={1415--1442},
  year={1990},
  publisher={IEEE}
}

@article{jain1996artificial,
  title={Artificial neural networks: A tutorial},
  author={Jain, Anil K and Mao, Jianchang and Mohiuddin, K Moidin},
  journal={Computer},
  volume={29},
  number={3},
  pages={31--44},
  year={1996},
  publisher={IEEE}
}

@article{hornik1989multilayer,
  title={Multilayer feedforward networks are universal approximators},
  author={Hornik, Kurt and Stinchcombe, Maxwell and White, Halbert},
  journal={Neural networks},
  volume={2},
  number={5},
  pages={359--366},
  year={1989},
  publisher={Elsevier}
}

@article{hinton2006fast,
  title={A fast learning algorithm for deep belief nets},
  author={Hinton, Geoffrey E and Osindero, Simon and Teh, Yee-Whye},
  journal={Neural computation},
  volume={18},
  number={7},
  pages={1527--1554},
  year={2006},
  publisher={MIT Press One Rogers Street, Cambridge, MA 02142-1209, USA journals-info~…}
}

@article{zhao2003face,
  title={Face recognition: A literature survey},
  author={Zhao, Wenyi and Chellappa, Rama and Phillips, P Jonathon and Rosenfeld, Azriel},
  journal={ACM computing surveys (CSUR)},
  volume={35},
  number={4},
  pages={399--458},
  year={2003},
  publisher={ACM New York, NY, USA}
}

@article{sun2014application,
  title={Application of BW-ELM model on traffic sign recognition},
  author={Sun, Zhan-Li and Wang, Han and Lau, Wai-Shing and Seet, Gerald and Wang, Danwei},
  journal={Neurocomputing},
  volume={128},
  pages={153--159},
  year={2014},
  publisher={Elsevier}
}

@article{hemanth2014performance,
  title={Performance improved iteration-free artificial neural networks for abnormal magnetic resonance brain image classification},
  author={Hemanth, D Jude and Vijila, C Kezi Selva and Selvakumar, A Immanuel and Anitha, J},
  journal={Neurocomputing},
  volume={130},
  pages={98--107},
  year={2014},
  publisher={Elsevier}
}

@article{pal2010handwritten,
  title={Handwritten English character recognition using neural network},
  author={Pal, Anita and Singh, Dayashankar},
  journal={International Journal of Computer Science \& Communication},
  volume={1},
  number={2},
  pages={141--144},
  year={2010},
  publisher={Citeseer}
}

@book{stone2019artificial,
  title={Artificial intelligence engines: a tutorial introduction to the mathematics of deep learning},
  author={Stone, James V},
  year={2019},
  publisher={Sebtel Press Warszawa, Poland}
}

@book{mead1989analog,
  title={Analog VLSI implementation of neural systems},
  author={Mead, Carver and Ismail, Mohammed},
  volume={80},
  year={1989},
  publisher={Springer Science \& Business Media}
}

@article{pfeiffer2018deep,
  title={Deep learning with spiking neurons: opportunities and challenges},
  author={Pfeiffer, Michael and Pfeil, Thomas},
  journal={Frontiers in neuroscience},
  pages={774},
  year={2018},
  publisher={Frontiers}
}

@article{pelaez2014ischemia,
  title={Ischemia classification via ECG using MLP neural networks},
  author={Pel{\'a}ez, Jos{\'e} Ignacio and Do{\~n}a, Jes{\'u}s M and Fornari, Javier Fernando and Serra, G},
  journal={International Journal of Computational Intelligence Systems},
  volume={7},
  number={2},
  pages={344--352},
  year={2014},
  publisher={Taylor \& Francis}
}

@article{matsugu2003subject,
  title={Subject independent facial expression recognition with robust face detection using a convolutional neural network},
  author={Matsugu, Masakazu and Mori, Katsuhiko and Mitari, Yusuke and Kaneda, Yuji},
  journal={Neural Networks},
  volume={16},
  number={5-6},
  pages={555--559},
  year={2003},
  publisher={Elsevier}
}

@article{ji20123d,
  title={3D convolutional neural networks for human action recognition},
  author={Ji, Shuiwang and Xu, Wei and Yang, Ming and Yu, Kai},
  journal={IEEE transactions on pattern analysis and machine intelligence},
  volume={35},
  number={1},
  pages={221--231},
  year={2012},
  publisher={IEEE}
}

@inproceedings{szegedy2017inception,
  title={Inception-v4, inception-resnet and the impact of residual connections on learning},
  author={Szegedy, Christian and Ioffe, Sergey and Vanhoucke, Vincent and Alemi, Alexander A},
  booktitle={Thirty-first AAAI conference on artificial intelligence},
  year={2017}
}

@article{funahashi1993approximation,
  title={Approximation of dynamical systems by continuous time recurrent neural networks},
  author={Funahashi, Ken-ichi and Nakamura, Yuichi},
  journal={Neural networks},
  volume={6},
  number={6},
  pages={801--806},
  year={1993},
  publisher={Elsevier}
}

@article{lukovsevivcius2009reservoir,
  title={Reservoir computing approaches to recurrent neural network training},
  author={Luko{\v{s}}evi{\v{c}}ius, Mantas and Jaeger, Herbert},
  journal={Computer Science Review},
  volume={3},
  number={3},
  pages={127--149},
  year={2009},
  publisher={Elsevier}
}

@inproceedings{mikolov2011extensions,
  title={Extensions of recurrent neural network language model},
  author={Mikolov, Tom{\'a}{\v{s}} and Kombrink, Stefan and Burget, Luk{\'a}{\v{s}} and {\v{C}}ernock{\`y}, Jan and Khudanpur, Sanjeev},
  booktitle={2011 IEEE international conference on acoustics, speech and signal processing (ICASSP)},
  pages={5528--5531},
  year={2011},
  organization={IEEE}
}

@article{zhang2005design,
  title={Design and analysis of a general recurrent neural network model for time-varying matrix inversion},
  author={Zhang, Yunong and Ge, Shuzhi Sam},
  journal={IEEE Transactions on Neural Networks},
  volume={16},
  number={6},
  pages={1477--1490},
  year={2005},
  publisher={IEEE}
}

@article{hardy2018encoding,
  title={Encoding time in feedforward trajectories of a recurrent neural network model},
  author={Hardy, NICHOLAS F and Buonomano, Dean V},
  journal={Neural computation},
  volume={30},
  number={2},
  pages={378--396},
  year={2018},
  publisher={MIT Press One Rogers Street, Cambridge, MA 02142-1209, USA journals-info~…}
}

@article{maass1997networks,
  title={Networks of spiking neurons: the third generation of neural network models},
  author={Maass, Wolfgang},
  journal={Neural networks},
  volume={10},
  number={9},
  pages={1659--1671},
  year={1997},
  publisher={Elsevier}
}

@article{goodman2008brian,
  title={Brian: a simulator for spiking neural networks in python},
  author={Goodman, Dan FM and Brette, Romain},
  journal={Frontiers in neuroinformatics},
  pages={5},
  year={2008},
  publisher={Frontiers}
}

@article{nageswaran2009configurable,
  title={A configurable simulation environment for the efficient simulation of large-scale spiking neural networks on graphics processors},
  author={Nageswaran, Jayram Moorkanikara and Dutt, Nikil and Krichmar, Jeffrey L and Nicolau, Alex and Veidenbaum, Alexander V},
  journal={Neural networks},
  volume={22},
  number={5-6},
  pages={791--800},
  year={2009},
  publisher={Elsevier}
}

@article{kasabov2014neucube,
  title={NeuCube: A spiking neural network architecture for mapping, learning and understanding of spatio-temporal brain data},
  author={Kasabov, Nikola K},
  journal={Neural Networks},
  volume={52},
  pages={62--76},
  year={2014},
  publisher={Elsevier}
}

@article{querlioz2013immunity,
  title={Immunity to device variations in a spiking neural network with memristive nanodevices},
  author={Querlioz, Damien and Bichler, Olivier and Dollfus, Philippe and Gamrat, Christian},
  journal={IEEE transactions on nanotechnology},
  volume={12},
  number={3},
  pages={288--295},
  year={2013},
  publisher={IEEE}
}

@article{indiveri2015memory,
  title={Memory and information processing in neuromorphic systems},
  author={Indiveri, Giacomo and Liu, Shih-Chii},
  journal={Proceedings of the IEEE},
  volume={103},
  number={8},
  pages={1379--1397},
  year={2015},
  publisher={IEEE}
}

@article{majumdar2012massively,
  title={A massively parallel, energy efficient programmable accelerator for learning and classification},
  author={Majumdar, Abhinandan and Cadambi, Srihari and Becchi, Michela and Chakradhar, Srimat T and Graf, Hans Peter},
  journal={ACM Transactions on Architecture and Code Optimization (TACO)},
  volume={9},
  number={1},
  pages={1--30},
  year={2012},
  publisher={ACM New York, NY, USA}
}

@article{gupta2011performance,
  title={Performance Analysis of GPU compared to Single-core and Multi-core CPU for Natural Language Applications},
  author={Gupta, Shubham and Babu, M Rajasekhara},
  journal={Advanced Computer Science and Applications},
  volume={2},
  year={2011},
  publisher={Citeseer}
}

@inproceedings{taha2013exploring,
  title={Exploring the design space of specialized multicore neural processors},
  author={Taha, Tarek M and Hasan, Raqibul and Yakopcic, Chris and McLean, Mark R},
  booktitle={The 2013 International Joint Conference on Neural Networks (IJCNN)},
  pages={1--8},
  year={2013},
  organization={IEEE}
}

@article{qiao2015reconfigurable,
  title={A reconfigurable on-line learning spiking neuromorphic processor comprising 256 neurons and 128K synapses},
  author={Qiao, Ning and Mostafa, Hesham and Corradi, Federico and Osswald, Marc and Stefanini, Fabio and Sumislawska, Dora and Indiveri, Giacomo},
  journal={Frontiers in neuroscience},
  volume={9},
  pages={141},
  year={2015},
  publisher={Frontiers Media SA}
}

@inproceedings{schemmel2008wafer,
  title={Wafer-scale integration of analog neural networks},
  author={Schemmel, Johannes and Fieres, Johannes and Meier, Karlheinz},
  booktitle={2008 IEEE International Joint Conference on Neural Networks (IEEE World Congress on Computational Intelligence)},
  pages={431--438},
  year={2008},
  organization={IEEE}
}

@inproceedings{chen201865nm,
  title={A 65nm 1Mb nonvolatile computing-in-memory ReRAM macro with sub-16ns multiply-and-accumulate for binary DNN AI edge processors},
  author={Chen, Wei-Hao and Li, Kai-Xiang and Lin, Wei-Yu and Hsu, Kuo-Hsiang and Li, Pin-Yi and Yang, Cheng-Han and Xue, Cheng-Xin and Yang, En-Yu and Chen, Yen-Kai and Chang, Yun-Sheng and others},
  booktitle={2018 IEEE International Solid-State Circuits Conference-(ISSCC)},
  pages={494--496},
  year={2018},
  organization={IEEE}
}

@article{kim2015exploiting,
  title={Exploiting compression-induced internal fragmentation for power-off recovery in SSD},
  author={Kim, Dongwook and Won, Youjip and Cha, Jaehyuk and Yoon, Sungroh and Choi, Jongmoo and Kang, Sooyong},
  journal={IEEE Transactions on Computers},
  volume={65},
  number={6},
  pages={1720--1733},
  year={2015},
  publisher={IEEE}
}

@article{lee2013rmss,
  title={RMSS: an efficient recovery management scheme on NAND flash memory based solid state disk},
  author={Lee, Hyun-Seob and Park, Sangwon and Lee, Dong-Ho},
  journal={IEEE Transactions on Consumer Electronics},
  volume={59},
  number={1},
  pages={107--112},
  year={2013},
  publisher={IEEE}
}

@article{truong2014new,
  title={New memristor-based crossbar array architecture with 50-\% area reduction and 48-\% power saving for matrix-vector multiplication of analog neuromorphic computing},
  author={Truong, Son Ngoc and Min, Kyeong-Sik},
  journal={JSTS: Journal of Semiconductor Technology and Science},
  volume={14},
  number={3},
  pages={356--363},
  year={2014},
  publisher={The Institute of Electronics and Information Engineers}
}

@inproceedings{wu2012alox,
  title={AlOx-based resistive switching device with gradual resistance modulation for neuromorphic device application},
  author={Wu, Yi and Yu, Shimeng and Wong, H-S Philip and Chen, Yu-Sheng and Lee, Heng-Yuan and Wang, Sum-Min and Gu, Pei-Yi and Chen, Frederick and Tsai, Ming-Jinn},
  booktitle={2012 4th IEEE International Memory Workshop},
  pages={1--4},
  year={2012},
  organization={IEEE}
}

@article{rahimi2020complementary,
  title={Complementary metal-oxide semiconductor and memristive hardware for neuromorphic computing},
  author={Rahimi Azghadi, Mostafa and Chen, Ying-Chen and Eshraghian, Jason K and Chen, Jia and Lin, Chih-Yang and Amirsoleimani, Amirali and Mehonic, Adnan and Kenyon, Anthony J and Fowler, Burt and Lee, Jack C and others},
  journal={Advanced Intelligent Systems},
  volume={2},
  number={5},
  pages={1900189},
  year={2020},
  publisher={Wiley Online Library}
}

@article{xia2019memristive,
  title={Memristive crossbar arrays for brain-inspired computing},
  author={Xia, Qiangfei and Yang, J Joshua},
  journal={Nature materials},
  volume={18},
  number={4},
  pages={309--323},
  year={2019},
  publisher={Nature Publishing Group}
}

@article{perez2016impact,
  title={Impact of the incremental programming algorithm on the filament conduction in HfO 2-based RRAM arrays},
  author={P{\'e}rez, Eduardo and Grossi, Alessandro and Zambelli, Cristian and Olivo, Piero and Wenger, Christian},
  journal={IEEE Journal of the Electron Devices Society},
  volume={5},
  number={1},
  pages={64--68},
  year={2016},
  publisher={IEEE}
}

@article{merced2016repeatable,
  title={Repeatable, accurate, and high speed multi-level programming of memristor 1T1R arrays for power efficient analog computing applications},
  author={Merced-Grafals, Emmanuelle J and D{\'a}vila, Noraica and Ge, Ning and Williams, R Stanley and Strachan, John Paul},
  journal={Nanotechnology},
  volume={27},
  number={36},
  pages={365202},
  year={2016},
  publisher={IOP Publishing}
}

@article{sheridan2017sparse,
  title={Sparse coding with memristor networks},
  author={Sheridan, Patrick M and Cai, Fuxi and Du, Chao and Ma, Wen and Zhang, Zhengya and Lu, Wei D},
  journal={Nature nanotechnology},
  volume={12},
  number={8},
  pages={784--789},
  year={2017},
  publisher={Nature Publishing Group}
}

@article{xia2017mnsim,
  title={MNSIM: Simulation platform for memristor-based neuromorphic computing system},
  author={Xia, Lixue and Li, Boxun and Tang, Tianqi and Gu, Peng and Chen, Pai-Yu and Yu, Shimeng and Cao, Yu and Wang, Yu and Xie, Yuan and Yang, Huazhong},
  journal={IEEE Transactions on Computer-Aided Design of Integrated Circuits and Systems},
  volume={37},
  number={5},
  pages={1009--1022},
  year={2017},
  publisher={IEEE}
}

@inproceedings{hasan2016high,
  title={High throughput neural network based embedded streaming multicore processors},
  author={Hasan, Raqibul and Taha, Tarek M and Yakopcic, Chris and Mountain, David J},
  booktitle={2016 IEEE International Conference on Rebooting Computing (ICRC)},
  pages={1--8},
  year={2016},
  organization={IEEE}
}

@article{courbariaux2016binarized,
  title={Binarized neural networks: Training deep neural networks with weights and activations constrained to+ 1 or-1},
  author={Courbariaux, Matthieu and Hubara, Itay and Soudry, Daniel and El-Yaniv, Ran and Bengio, Yoshua},
  journal={arXiv preprint arXiv:1602.02830},
  year={2016}
}

@incollection{FROHLICH201647,
title = {Chapter 4 - Synaptic Plasticity},
editor = {Flavio Fröhlich},
booktitle = {Network Neuroscience},
publisher = {Academic Press},
address = {San Diego},
pages = {47-58},
year = {2016},
isbn = {978-0-12-801560-5},
doi = {https://doi.org/10.1016/B978-0-12-801560-5.00004-5},
url = {https://www.sciencedirect.com/science/article/pii/B9780128015605000045},
author = {Flavio Fröhlich},
keywords = {Excitatory postsynaptic currents (EPSCs), Long-term depression (LTD), Long-term plasticity, Long-term potentiation (LTP), Short-term plasticity, Spike-timing-dependent plasticity (STDP), Synaptic plasticity},
abstract = {In this chapter we will consider two main types of plasticity. First, we will discuss short-term plasticity, the modulation of synaptic strength on the time scale of milliseconds to seconds. Second, we will learn about long-term plasticity, long-lasting changes to synaptic strength that form the basis of learning and memory. We will learn about the rules that govern synaptic plasticity and introduce intuitive mathematical models of plasticity. The toolboxes Neurons, Differential Equations, and Dynamical Systems provide helpful background for this chapter.}
}

@article{kasabov2013dynamic,
  title={Dynamic evolving spiking neural networks for on-line spatio-and spectro-temporal pattern recognition},
  author={Kasabov, Nikola and Dhoble, Kshitij and Nuntalid, Nuttapod and Indiveri, Giacomo},
  journal={Neural Networks},
  volume={41},
  pages={188--201},
  year={2013},
  publisher={Elsevier}
}

@article{brette2006exact,
  title={Exact simulation of integrate-and-fire models with synaptic conductances},
  author={Brette, Romain},
  journal={Neural Computation},
  volume={18},
  number={8},
  pages={2004--2027},
  year={2006},
  publisher={MIT Press One Rogers Street, Cambridge, MA 02142-1209, USA journals-info~…}
}

@article{brunel2014single,
  title={Single neuron dynamics and computation},
  author={Brunel, Nicolas and Hakim, Vincent and Richardson, Magnus JE},
  journal={Current opinion in neurobiology},
  volume={25},
  pages={149--155},
  year={2014},
  publisher={Elsevier}
}

@article{bi1998synaptic,
  title={Synaptic modifications in cultured hippocampal neurons: dependence on spike timing, synaptic strength, and postsynaptic cell type},
  author={Bi, Guo-qiang and Poo, Mu-ming},
  journal={Journal of neuroscience},
  volume={18},
  number={24},
  pages={10464--10472},
  year={1998},
  publisher={Soc Neuroscience}
}

@article{song2001cortical,
  title={Cortical development and remapping through spike timing-dependent plasticity},
  author={Song, Sen and Abbott, Larry F},
  journal={Neuron},
  volume={32},
  number={2},
  pages={339--350},
  year={2001},
  publisher={Elsevier}
}

@article{song2000competitive,
  title={Competitive Hebbian learning through spike-timing-dependent synaptic plasticity},
  author={Song, Sen and Miller, Kenneth D and Abbott, Larry F},
  journal={Nature neuroscience},
  volume={3},
  number={9},
  pages={919--926},
  year={2000},
  publisher={Nature Publishing Group}
}

@inproceedings{indiveri2015neuromorphic,
  title={Neuromorphic architectures for spiking deep neural networks},
  author={Indiveri, Giacomo and Corradi, Federico and Qiao, Ning},
  booktitle={2015 IEEE International Electron Devices Meeting (IEDM)},
  pages={4--2},
  year={2015},
  organization={IEEE}
}

@article{seo2011analog,
  title={Analog memory and spike-timing-dependent plasticity characteristics of a nanoscale titanium oxide bilayer resistive switching device},
  author={Seo, Kyungah and Kim, Insung and Jung, Seungjae and Jo, Minseok and Park, Sangsu and Park, Jubong and Shin, Jungho and Biju, Kuyyadi P and Kong, Jaemin and Lee, Kwanghee and others},
  journal={Nanotechnology},
  volume={22},
  number={25},
  pages={254023},
  year={2011},
  publisher={IOP Publishing}
}

@inproceedings{qiao2016scaling,
  title={Scaling mixed-signal neuromorphic processors to 28 nm FD-SOI technologies},
  author={Qiao, Ning and Indiveri, Giacomo},
  booktitle={2016 IEEE Biomedical Circuits and Systems Conference (BioCAS)},
  pages={552--555},
  year={2016},
  organization={IEEE}
}

@article{zheng2018learning,
  title={Learning in memristor crossbar-based spiking neural networks through modulation of weight-dependent spike-timing-dependent plasticity},
  author={Zheng, Nan and Mazumder, Pinaki},
  journal={IEEE Transactions on Nanotechnology},
  volume={17},
  number={3},
  pages={520--532},
  year={2018},
  publisher={IEEE}
}

@article{covi2016analog,
  title={Analog memristive synapse in spiking networks implementing unsupervised learning},
  author={Covi, Erika and Brivio, Stefano and Serb, Alexander and Prodromakis, Themis and Fanciulli, Marco and Spiga, Sabina},
  journal={Frontiers in neuroscience},
  pages={482},
  year={2016},
  publisher={Frontiers}
}

@article{yu2013low,
  title={A low energy oxide-based electronic synaptic device for neuromorphic visual systems with tolerance to device variation},
  author={Yu, Shimeng and Gao, Bin and Fang, Zheng and Yu, Hongyu and Kang, Jinfeng and Wong, H-S Philip},
  journal={Advanced Materials},
  volume={25},
  number={12},
  pages={1774--1779},
  year={2013},
  publisher={Wiley Online Library}
}

@inproceedings{belhadj2013continuous,
  title={Continuous real-world inputs can open up alternative accelerator designs},
  author={Belhadj, Bilel and Joubert, Antoine and Li, Zheng and H{\'e}liot, Rodolphe and Temam, Olivier},
  booktitle={Proceedings of the 40th Annual International Symposium on Computer Architecture},
  pages={1--12},
  year={2013}
}

@inproceedings{du2015neuromorphic,
  title={Neuromorphic accelerators: A comparison between neuroscience and machine-learning approaches},
  author={Du, Zidong and Ben-Dayan Rubin, Daniel D and Chen, Yunji and He, Liqiang and Chen, Tianshi and Zhang, Lei and Wu, Chengyong and Temam, Olivier},
  booktitle={Proceedings of the 48th International Symposium on Microarchitecture},
  pages={494--507},
  year={2015}
}

@article{szatmary2010spike,
  title={Spike-timing theory of working memory},
  author={Szatm{\'a}ry, Botond and Izhikevich, Eugene M},
  journal={PLoS computational biology},
  volume={6},
  number={8},
  pages={e1000879},
  year={2010},
  publisher={Public Library of Science San Francisco, USA}
}

@article{ambrogio2016unsupervised,
  title={Unsupervised learning by spike timing dependent plasticity in phase change memory (PCM) synapses},
  author={Ambrogio, Stefano and Ciocchini, Nicola and Laudato, Mario and Milo, Valerio and Pirovano, Agostino and Fantini, Paolo and Ielmini, Daniele},
  journal={Frontiers in neuroscience},
  volume={10},
  pages={56},
  year={2016},
  publisher={Frontiers Media SA}
}

@article{kuzum2012nanoelectronic,
  title={Nanoelectronic programmable synapses based on phase change materials for brain-inspired computing},
  author={Kuzum, Duygu and Jeyasingh, Rakesh GD and Lee, Byoungil and Wong, H-S Philip},
  journal={Nano letters},
  volume={12},
  number={5},
  pages={2179--2186},
  year={2012},
  publisher={ACS Publications}
}

@article{bichler2012visual,
  title={Visual pattern extraction using energy-efficient “2-PCM synapse” neuromorphic architecture},
  author={Bichler, Olivier and Suri, Manan and Querlioz, Damien and Vuillaume, Dominique and DeSalvo, Barbara and Gamrat, Christian},
  journal={IEEE Transactions on Electron Devices},
  volume={59},
  number={8},
  pages={2206--2214},
  year={2012},
  publisher={IEEE}
}

@book{hebb2005organization,
  title={The organization of behavior: A neuropsychological theory},
  author={Hebb, Donald Olding},
  year={2005},
  publisher={Psychology Press}
}

@article{ambrogio2016neuromorphic,
  title={Neuromorphic learning and recognition with one-transistor-one-resistor synapses and bistable metal oxide RRAM},
  author={Ambrogio, Stefano and Balatti, Simone and Milo, Valerio and Carboni, Roberto and Wang, Zhong-Qiang and Calderoni, Alessandro and Ramaswamy, Nirmal and Ielmini, Daniele},
  journal={IEEE Transactions on Electron Devices},
  volume={63},
  number={4},
  pages={1508--1515},
  year={2016},
  publisher={IEEE}
}

@article{sengupta2015spin,
  title={Spin-orbit torque induced spike-timing dependent plasticity},
  author={Sengupta, Abhronil and Al Azim, Zubair and Fong, Xuanyao and Roy, Kaushik},
  journal={Applied Physics Letters},
  volume={106},
  number={9},
  pages={093704},
  year={2015},
  publisher={AIP Publishing LLC}
}

@article{valov2011electrochemical,
  title={Electrochemical metallization memories—fundamentals, applications, prospects},
  author={Valov, Ilia and Waser, Rainer and Jameson, John R and Kozicki, Michael N},
  journal={Nanotechnology},
  volume={22},
  number={25},
  pages={254003},
  year={2011},
  publisher={IOP Publishing}
}

@article{li2014activity,
  title={Activity-dependent synaptic plasticity of a chalcogenide electronic synapse for neuromorphic systems},
  author={Li, Yi and Zhong, Yingpeng and Zhang, Jinjian and Xu, Lei and Wang, Qing and Sun, Huajun and Tong, Hao and Cheng, Xiaoming and Miao, Xiangshui},
  journal={Scientific reports},
  volume={4},
  number={1},
  pages={1--7},
  year={2014},
  publisher={Nature Publishing Group}
}

@article{sakamoto2003nanometer,
  title={Nanometer-scale switches using copper sulfide},
  author={Sakamoto, T and Sunamura, H and Kawaura, H and Hasegawa, T and Nakayama, T and Aono, M},
  journal={Applied Physics Letters},
  volume={82},
  number={18},
  pages={3032--3034},
  year={2003},
  publisher={American Institute of Physics}
}

@article{russo2009study,
  title={Study of multilevel programming in programmable metallization cell (PMC) memory},
  author={Russo, Ugo and Kamalanathan, Deepak and Ielmini, Daniele and Lacaita, Andrea L and Kozicki, Michael N},
  journal={IEEE transactions on electron devices},
  volume={56},
  number={5},
  pages={1040--1047},
  year={2009},
  publisher={IEEE}
}

@article{ohno2011short,
  title={Short-term plasticity and long-term potentiation mimicked in single inorganic synapses},
  author={Ohno, Takeo and Hasegawa, Tsuyoshi and Tsuruoka, Tohru and Terabe, Kazuya and Gimzewski, James K and Aono, Masakazu},
  journal={Nature materials},
  volume={10},
  number={8},
  pages={591--595},
  year={2011},
  publisher={Nature Publishing Group}
}

@inproceedings{schemmel2007modeling,
  title={Modeling synaptic plasticity within networks of highly accelerated I\&F neurons},
  author={Schemmel, Johannes and Bruderle, Daniel and Meier, Karlheinz and Ostendorf, Boris},
  booktitle={2007 IEEE international symposium on circuits and systems},
  pages={3367--3370},
  year={2007},
  organization={IEEE}
}

@inproceedings{shirahata2016memory,
  title={Memory reduction method for deep neural network training},
  author={Shirahata, Koichi and Tomita, Yasumoto and Ike, Atsushi},
  booktitle={2016 IEEE 26th International Workshop on Machine Learning for Signal Processing (MLSP)},
  pages={1--6},
  year={2016},
  organization={IEEE}
}

@article{carrillo2012scalable,
  title={Scalable hierarchical network-on-chip architecture for spiking neural network hardware implementations},
  author={Carrillo, Snaider and Harkin, Jim and McDaid, Liam J and Morgan, Fearghal and Pande, Sandeep and Cawley, Seamus and McGinley, Brian},
  journal={IEEE Transactions on Parallel and Distributed Systems},
  volume={24},
  number={12},
  pages={2451--2461},
  year={2012},
  publisher={IEEE}
}

@article{ambrogio2018equivalent,
  title={Equivalent-accuracy accelerated neural-network training using analogue memory},
  author={Ambrogio, Stefano and Narayanan, Pritish and Tsai, Hsinyu and Shelby, Robert M and Boybat, Irem and Di Nolfo, Carmelo and Sidler, Severin and Giordano, Massimo and Bodini, Martina and Farinha, Nathan CP and others},
  journal={Nature},
  volume={558},
  number={7708},
  pages={60--67},
  year={2018},
  publisher={Nature Publishing Group}
}

@article{yao2020fully,
  title={Fully hardware-implemented memristor convolutional neural network},
  author={Yao, Peng and Wu, Huaqiang and Gao, Bin and Tang, Jianshi and Zhang, Qingtian and Zhang, Wenqiang and Yang, J Joshua and Qian, He},
  journal={Nature},
  volume={577},
  number={7792},
  pages={641--646},
  year={2020},
  publisher={Nature Publishing Group}
}

@inproceedings{lammie2019variation,
  title={Variation-aware binarized memristive networks},
  author={Lammie, Corey and Krestinskaya, Olga and James, Alex and Azghadi, Mostafa Rahimi},
  booktitle={2019 26th IEEE international conference on electronics, circuits and systems (ICECS)},
  pages={490--493},
  year={2019},
  organization={IEEE}
}

@inproceedings{lammie2020training,
  title={Training progressively binarizing deep networks using FPGAs},
  author={Lammie, Corey and Xiang, Wei and Azghadi, Mostafa Rahimi},
  booktitle={2020 IEEE International Symposium on Circuits and Systems (ISCAS)},
  pages={1--5},
  year={2020},
  organization={IEEE}
}

@inproceedings{lammie2019stochastic,
  title={Stochastic computing for low-power and high-speed deep learning on FPGA},
  author={Lammie, Corey and Azghadi, Mostafa Rahimi},
  booktitle={2019 IEEE International Symposium on Circuits and Systems (ISCAS)},
  pages={1--5},
  year={2019},
  organization={IEEE}
}

@article{lammie2019low,
  title={Low-Power and High-Speed Deep FPGA Inference Engines for Weed Classification at the Edge.},
  author={Lammie, Corey and Olsen, Alex and Carrick, Tony and Azghadi, Mostafa Rahimi},
  journal={IEEE Access},
  volume={7},
  pages={51171--51184},
  year={2019}
}

@article{mckinney2020international,
  title={International evaluation of an AI system for breast cancer screening},
  author={McKinney, Scott Mayer and Sieniek, Marcin and Godbole, Varun and Godwin, Jonathan and Antropova, Natasha and Ashrafian, Hutan and Back, Trevor and Chesus, Mary and Corrado, Greg S and Darzi, Ara and others},
  journal={Nature},
  volume={577},
  number={7788},
  pages={89--94},
  year={2020},
  publisher={Nature Publishing Group}
}

@inproceedings{sidler2016large,
  title={Large-scale neural networks implemented with non-volatile memory as the synaptic weight element: Impact of conductance response},
  author={Sidler, Severin and Boybat, Irem and Shelby, Robert M and Narayanan, Pritish and Jang, Junwoo and Fumarola, Alessandro and Moon, Kibong and Leblebici, Yusuf and Hwang, Hyunsang and Burr, Geoffrey W},
  booktitle={2016 46th European Solid-State Device Research Conference (ESSDERC)},
  pages={440--443},
  year={2016},
  organization={Ieee}
}

@inproceedings{eshraghian2019analog,
  title={Analog weights in ReRAM DNN accelerators},
  author={Eshraghian, Jason K and Kang, Sung-Mo and Baek, Seungbum and Orchard, Garrick and Iu, Herbert Ho-Ching and Lei, Wen},
  booktitle={2019 IEEE International Conference on Artificial Intelligence Circuits and Systems (AICAS)},
  pages={267--271},
  year={2019},
  organization={IEEE}
}

@article{azghadi2016hybrid,
  title={A hybrid CMOS-memristor neuromorphic synapse},
  author={Azghadi, Mostafa Rahimi and Linares-Barranco, Bernabe and Abbott, Derek and Leong, Philip HW},
  journal={IEEE transactions on biomedical circuits and systems},
  volume={11},
  number={2},
  pages={434--445},
  year={2016},
  publisher={IEEE}
}

@article{lammie2022memtorch,
  title={MemTorch: An open-source simulation framework for memristive deep learning systems},
  author={Lammie, Corey and Xiang, Wei and Linares-Barranco, Bernab{\'e} and Azghadi, Mostafa Rahimi},
  journal={Neurocomputing},
  volume={485},
  pages={124--133},
  year={2022},
  publisher={Elsevier}
}

@article{krestinskaya2018learning,
  title={Learning in memristive neural network architectures using analog backpropagation circuits},
  author={Krestinskaya, Olga and Salama, Khaled Nabil and James, Alex Pappachen},
  journal={IEEE Transactions on Circuits and Systems I: Regular Papers},
  volume={66},
  number={2},
  pages={719--732},
  year={2018},
  publisher={IEEE}
}

@inproceedings{yu2015scaling,
  title={Scaling-up resistive synaptic arrays for neuro-inspired architecture: Challenges and prospect},
  author={Yu, Shimeng and Chen, Pai-Yu and Cao, Yu and Xia, Lixue and Wang, Yu and Wu, Huaqiang},
  booktitle={2015 IEEE International Electron Devices Meeting (IEDM)},
  pages={17--3},
  year={2015},
  organization={IEEE}
}

@article{bien2018deep,
  title={Deep-learning-assisted diagnosis for knee magnetic resonance imaging: development and retrospective validation of MRNet},
  author={Bien, Nicholas and Rajpurkar, Pranav and Ball, Robyn L and Irvin, Jeremy and Park, Allison and Jones, Erik and Bereket, Michael and Patel, Bhavik N and Yeom, Kristen W and Shpanskaya, Katie and others},
  journal={PLoS medicine},
  volume={15},
  number={11},
  pages={e1002699},
  year={2018},
  publisher={Public Library of Science San Francisco, CA USA}
}

@inproceedings{ankit2019puma,
  title={PUMA: A programmable ultra-efficient memristor-based accelerator for machine learning inference},
  author={Ankit, Aayush and Hajj, Izzat El and Chalamalasetti, Sai Rahul and Ndu, Geoffrey and Foltin, Martin and Williams, R Stanley and Faraboschi, Paolo and Hwu, Wen-mei W and Strachan, John Paul and Roy, Kaushik and others},
  booktitle={Proceedings of the Twenty-Fourth International Conference on Architectural Support for Programming Languages and Operating Systems},
  pages={715--731},
  year={2019}
}

@inproceedings{hassan2018real,
  title={Real-time cardiac arrhythmia classification using memristor neuromorphic computing system},
  author={Hassan, Amr M and Khalaf, Aya F and Sayed, Khaled S and Li, Hai Helen and Chen, Yiran},
  booktitle={2018 40th Annual International Conference of the IEEE Engineering in Medicine and Biology Society (EMBC)},
  pages={2567--2570},
  year={2018},
  organization={IEEE}
}

@article{cai2019fully,
  title={A fully integrated reprogrammable memristor--CMOS system for efficient multiply--accumulate operations},
  author={Cai, Fuxi and Correll, Justin M and Lee, Seung Hwan and Lim, Yong and Bothra, Vishishtha and Zhang, Zhengya and Flynn, Michael P and Lu, Wei D},
  journal={Nature Electronics},
  volume={2},
  number={7},
  pages={290--299},
  year={2019},
  publisher={Nature Publishing Group}
}

@article{frenkel20180,
  title={A 0.086-$mm^2$ 12.7-pJ/SOP 64k-synapse 256-neuron online-learning digital spiking neuromorphic processor in 28-nm CMOS},
  author={Frenkel, Charlotte and Lefebvre, Martin and Legat, Jean-Didier and Bol, David},
  journal={IEEE transactions on biomedical circuits and systems},
  volume={13},
  number={1},
  pages={145--158},
  year={2018},
  publisher={IEEE}
}

@article{frenkel2019morphic,
  title={MorphIC: A 65-nm 738k-Synapse/$mm^2$ quad-core binary-weight digital neuromorphic processor with stochastic spike-driven online learning},
  author={Frenkel, Charlotte and Legat, Jean-Didier and Bol, David},
  journal={IEEE transactions on biomedical circuits and systems},
  volume={13},
  number={5},
  pages={999--1010},
  year={2019},
  publisher={IEEE}
}

@article{azghadi2015programmable,
  title={Programmable spike-timing-dependent plasticity learning circuits in neuromorphic vlsi architectures},
  author={Azghadi, Mostafa Rahimi and Moradi, Saber and Fasnacht, Daniel B and Ozdas, Mehmet Sirin and Indiveri, Giacomo},
  journal={ACM Journal on Emerging Technologies in Computing Systems (JETC)},
  volume={12},
  number={2},
  pages={1--18},
  year={2015},
  publisher={ACM New York, NY, USA}
}

@inproceedings{payvand2019spike,
  title={Spike-based plasticity circuits for always-on on-line learning in neuromorphic systems},
  author={Payvand, Melika and Indiveri, Giacomo},
  booktitle={2019 IEEE International Symposium on Circuits and Systems (ISCAS)},
  pages={1--5},
  year={2019},
  organization={IEEE}
}

@article{kaiser2020synaptic,
  title={Synaptic plasticity dynamics for deep continuous local learning (DECOLLE)},
  author={Kaiser, Jacques and Mostafa, Hesham and Neftci, Emre},
  journal={Frontiers in Neuroscience},
  volume={14},
  pages={424},
  year={2020},
  publisher={Frontiers Media SA}
}

@article{bellec2019eligibility,
  title={Eligibility traces provide a data-inspired alternative to backpropagation through time},
  author={Bellec, Guillaume and Scherr, Franz and Hajek, Elias and Salaj, Darjan and Subramoney, Anand and Legenstein, Robert and Maass, Wolfgang},
  year={2019}
}

@article{sacramento2018dendritic,
  title={Dendritic cortical microcircuits approximate the backpropagation algorithm},
  author={Sacramento, Jo{\~a}o and Ponte Costa, Rui and Bengio, Yoshua and Senn, Walter},
  journal={Advances in neural information processing systems},
  volume={31},
  year={2018}
}

@inproceedings{valentian2019fully,
  title={Fully integrated spiking neural network with analog neurons and RRAM synapses},
  author={Valentian, A and Rummens, F and Vianello, E and Mesquida, T and de Boissac, C Lecat-Mathieu and Bichler, O and Reita, C},
  booktitle={2019 IEEE International Electron Devices Meeting (IEDM)},
  pages={14--3},
  year={2019},
  organization={IEEE}
}

@inproceedings{hayakawa2015highly,
  title={Highly reliable TaO x ReRAM with centralized filament for 28-nm embedded application},
  author={Hayakawa, Yukio and Himeno, Atsushi and Yasuhara, Ryutaro and Boullart, W and Vecchio, E and Vandeweyer, T and Witters, T and Crotti, D and Jurczak, M and Fujii, S and others},
  booktitle={2015 Symposium on VLSI Technology (VLSI Technology)},
  pages={T14--T15},
  year={2015},
  organization={IEEE}
}

@article{dalgaty2019hybrid,
  title={Hybrid neuromorphic circuits exploiting non-conventional properties of RRAM for massively parallel local plasticity mechanisms},
  author={Dalgaty, Thomas and Payvand, Melika and Moro, Filippo and Ly, Denys RB and Pebay-Peyroula, Florian and Casas, Jerome and Indiveri, Giacomo and Vianello, Elisa},
  journal={APL Materials},
  volume={7},
  number={8},
  pages={081125},
  year={2019},
  publisher={AIP Publishing LLC}
}

@inproceedings{payvand2020analog,
  title={Analog weight updates with compliance current modulation of binary ReRAMs for on-chip learning},
  author={Payvand, Melika and Demirag, Yigit and Dalgaty, Thomas and Vianello, Elisa and Indiveri, Giacomo},
  booktitle={2020 IEEE International Symposium on Circuits and Systems (ISCAS)},
  pages={1--5},
  year={2020},
  organization={IEEE}
}

@article{chicca2020recipe,
  title={A recipe for creating ideal hybrid memristive-CMOS neuromorphic processing systems},
  author={Chicca, Elisabetta and Indiveri, Giacomo},
  journal={Applied Physics Letters},
  volume={116},
  number={12},
  pages={120501},
  year={2020},
  publisher={AIP Publishing LLC}
}

@article{donati2019discrimination,
  title={Discrimination of EMG signals using a neuromorphic implementation of a spiking neural network},
  author={Donati, Elisa and Payvand, Melika and Risi, Nicoletta and Krause, Renate and Indiveri, Giacomo},
  journal={IEEE transactions on biomedical circuits and systems},
  volume={13},
  number={5},
  pages={795--803},
  year={2019},
  publisher={IEEE}
}

@article{behrenbeck2019classification,
  title={Classification and regression of spatio-temporal signals using NeuCube and its realization on SpiNNaker neuromorphic hardware},
  author={Behrenbeck, Jan and Tayeb, Zied and Bhiri, Cyrine and Richter, Christoph and Rhodes, Oliver and Kasabov, Nikola and Espinosa-Ramos, Josafath I and Furber, Steve and Cheng, Gordon and Conradt, J{\"o}rg},
  journal={Journal of neural engineering},
  volume={16},
  number={2},
  pages={026014},
  year={2019},
  publisher={IOP Publishing}
}

@inproceedings{nurse2016decoding,
  title={Decoding EEG and LFP signals using deep learning: heading TrueNorth},
  author={Nurse, Ewan and Mashford, Benjamin S and Yepes, Antonio Jimeno and Kiral-Kornek, Isabell and Harrer, Stefan and Freestone, Dean R},
  booktitle={Proceedings of the ACM international conference on computing frontiers},
  pages={259--266},
  year={2016}
}

@article{ceolini2020hand,
  title={Hand-gesture recognition based on EMG and event-based camera sensor fusion: A benchmark in neuromorphic computing},
  author={Ceolini, Enea and Frenkel, Charlotte and Shrestha, Sumit Bam and Taverni, Gemma and Khacef, Lyes and Payvand, Melika and Donati, Elisa},
  journal={Frontiers in Neuroscience},
  volume={14},
  pages={637},
  year={2020},
  publisher={Frontiers Media SA}
}

@article{bauer2019real,
  title={Real-time ultra-low power ECG anomaly detection using an event-driven neuromorphic processor},
  author={Bauer, Felix Christian and Muir, Dylan Richard and Indiveri, Giacomo},
  journal={IEEE transactions on biomedical circuits and systems},
  volume={13},
  number={6},
  pages={1575--1582},
  year={2019},
  publisher={IEEE}
}

@inproceedings{sharifshazileh2019neuromorphic,
  title={A neuromorphic device for detecting high-frequency oscillations in human iEEG},
  author={Sharifshazileh, Mohammadali and Burelo, Karla and Fedele, Tommaso and Sarnthein, Johannes and Indiveri, Giacomo},
  booktitle={2019 26th IEEE International Conference on Electronics, Circuits and Systems (ICECS)},
  pages={69--72},
  year={2019},
  organization={IEEE}
}


@article{khan2020comparison,
  title={Comparison of diverse resistive switching characteristics and demonstration of transitions among them in Al-incorporated HfO 2-based resistive switching memory for neuromorphic applications},
  author={Khan, Sobia Ali and Kim, Sungjun},
  journal={RSC advances},
  volume={10},
  number={52},
  pages={31342--31347},
  year={2020},
  publisher={Royal Society of Chemistry}
}

@article{mehonic2012electrically,
  title={Electrically tailored resistance switching in silicon oxide},
  author={Mehonic, Adnan and Cueff, S{\'e}bastien and Wojdak, Maciej and Hudziak, Stephen and Labb{\'e}, Christophe and Rizk, Richard and Kenyon, Anthony J},
  journal={Nanotechnology},
  volume={23},
  number={45},
  pages={455201},
  year={2012},
  publisher={IOP Publishing}
}

@article{el2006space,
  title={Space charge limited transient currents and oxygen vacancy mobility in amorphous Ba Ti O 3 thin films},
  author={El Kamel, Fadhel and Gonon, Patrice and Ort{\'e}ga, Luc and Jomni, Fathi and Yangui, B{\'e}chir},
  journal={Journal of applied physics},
  volume={99},
  number={9},
  pages={094107},
  year={2006},
  publisher={American Institute of Physics}
}

@article{zafar1998oxygen,
  title={Oxygen vacancy mobility determined from current measurements in thin Ba 0.5 Sr 0.5 TiO 3 films},
  author={Zafar, Sufi and Jones, Robert E and Jiang, Bo and White, Bruce and Chu, Peir and Taylor, D and Gillespie, Sherry},
  journal={Applied physics letters},
  volume={73},
  number={2},
  pages={175--177},
  year={1998},
  publisher={American Institute of Physics}
}

@article{many1962theory,
  title={Theory of transient space-charge-limited currents in solids in the presence of trapping},
  author={Many, A and Rakavy, G},
  journal={Physical Review},
  volume={126},
  number={6},
  pages={1980},
  year={1962},
  publisher={APS}
}

@incollection{lampert1970current,
  title={Current injection in solids: The regional approximation method},
  author={Lampert, Murray A and Schilling, Ronald B},
  booktitle={Semiconductors and semimetals},
  volume={6},
  pages={1--96},
  year={1970},
  publisher={Elsevier}
}

@article{li2018review,
  title={Review of memristor devices in neuromorphic computing: materials sciences and device challenges},
  author={Li, Yibo and Wang, Zhongrui and Midya, Rivu and Xia, Qiangfei and Yang, J Joshua},
  journal={Journal of Physics D: Applied Physics},
  volume={51},
  number={50},
  pages={503002},
  year={2018},
  publisher={IOP Publishing}
}

@article{prezioso2016self,
  title={Self-adaptive spike-time-dependent plasticity of metal-oxide memristors},
  author={Prezioso, Mirko and Merrikh Bayat, Farnood and Hoskins, Brian and Likharev, K and Strukov, Dmitri},
  journal={Scientific reports},
  volume={6},
  number={1},
  pages={1--6},
  year={2016},
  publisher={Nature Publishing Group}
}

@article{tien2018homeostatic,
  title={Homeostatic plasticity in neural development},
  author={Tien, Nai-Wen and Kerschensteiner, Daniel},
  journal={Neural development},
  volume={13},
  number={1},
  pages={1--7},
  year={2018},
  publisher={Springer}
}

@article{turrigiano1999homeostatic,
  title={Homeostatic plasticity in neuronal networks: the more things change, the more they stay the same},
  author={Turrigiano, Gina G},
  journal={Trends in neurosciences},
  volume={22},
  number={5},
  pages={221--227},
  year={1999},
  publisher={Elsevier}
}

@article{marder2006variability,
  title={Variability, compensation and homeostasis in neuron and network function},
  author={Marder, Eve and Goaillard, Jean-Marc},
  journal={Nature Reviews Neuroscience},
  volume={7},
  number={7},
  pages={563--574},
  year={2006},
  publisher={Nature Publishing Group}
}

@article{munoz2021brain,
  title={A brain-inspired homeostatic neuron based on phase-change memories for efficient neuromorphic computing},
  author={Mu{\~n}oz-Martin, Irene and Bianchi, Stefano and Hashemkhani, Shahin and Pedretti, Giacomo and Melnic, Octavian and Ielmini, Daniele},
  journal={Frontiers in Neuroscience},
  volume={15},
  year={2021},
  publisher={Frontiers Media SA}
}

@inproceedings{bianchi2020bio,
  title={A bio-inspired recurrent neural network with self-adaptive neurons and PCM synapses for solving reinforcement learning tasks},
  author={Bianchi, Stefano and Mu{\'n}oz-Mart{\'\i}n, I and Hashemkhani, S and Pedretti, Giacomo and Ielmini, Daniele},
  booktitle={2020 IEEE International Symposium on Circuits and Systems (ISCAS)},
  pages={1--5},
  year={2020},
  organization={IEEE}
}

@inproceedings{munoz2020hardware,
  title={Hardware implementation of PCM-based neurons with self-regulating threshold for homeostatic scaling in unsupervised learning},
  author={Mu{\'n}oz-Mart{\'\i}n, I and Bianchi, Stefano and Hashemkhani, S and Pedretti, Giacomo and Ielmini, Daniele},
  booktitle={2020 IEEE International Symposium on Circuits and Systems (ISCAS)},
  pages={1--5},
  year={2020},
  organization={IEEE}
}

@article{wang2016long,
  title={Long-term homeostatic properties complementary to Hebbian rules in CuPc-based multifunctional memristor},
  author={Wang, Laiyuan and Wang, Zhiyong and Lin, Jinyi and Yang, Jie and Xie, Linghai and Yi, Mingdong and Li, Wen and Ling, Haifeng and Ou, Changjin and Huang, Wei},
  journal={Scientific reports},
  volume={6},
  number={1},
  pages={1--12},
  year={2016},
  publisher={Nature Publishing Group}
}

@article{abbey2021emulating,
  title={Emulating homoeostatic effects with metal-oxide memristors T-dependence},
  author={Abbey, Thomas and Serb, Alexantrou and Stathopoulos, Spyros and Michalas, Loukas and Prodromakis, Themis},
  journal={arXiv preprint arXiv:2110.04102},
  year={2021}
}

@article{zhao2020memristor,
  title={A memristor-based spiking neural network with high scalability and learning efficiency},
  author={Zhao, Zhenyu and Qu, Lianhua and Wang, Lei and Deng, Quan and Li, Nan and Kang, Ziyang and Guo, Shasha and Xu, Weixia},
  journal={IEEE Transactions on Circuits and Systems II: Express Briefs},
  volume={67},
  number={5},
  pages={931--935},
  year={2020},
  publisher={IEEE}
}

@article{eshraghian2021training,
  title={Training spiking neural networks using lessons from deep learning},
  author={Eshraghian, Jason K and Ward, Max and Neftci, Emre and Wang, Xinxin and Lenz, Gregor and Dwivedi, Girish and Bennamoun, Mohammed and Jeong, Doo Seok and Lu, Wei D},
  journal={arXiv preprint arXiv:2109.12894},
  year={2021}
}

@article{han2020classification,
  title={Classification of pilots’ mental states using a multimodal deep learning network},
  author={Han, Soo-Yeon and Kwak, No-Sang and Oh, Taegeun and Lee, Seong-Whan},
  journal={Biocybernetics and Biomedical Engineering},
  volume={40},
  number={1},
  pages={324--336},
  year={2020},
  publisher={Elsevier}
}

@article{voelker2019legendre,
  title={Legendre memory units: Continuous-time representation in recurrent neural networks},
  author={Voelker, Aaron and Kaji{\'c}, Ivana and Eliasmith, Chris},
  journal={Advances in neural information processing systems},
  volume={32},
  year={2019}
}

@article{makowski2021neurokit2,
  title={NeuroKit2: A Python toolbox for neurophysiological signal processing},
  author={Makowski, Dominique and Pham, Tam and Lau, Zen J and Brammer, Jan C and Lespinasse, Fran{\c{c}}ois and Pham, Hung and Sch{\"o}lzel, Christopher and Chen, SH},
  journal={Behavior research methods},
  volume={53},
  number={4},
  pages={1689--1696},
  year={2021},
  publisher={Springer}
}

@book{sze2021physics,
  title={Physics of semiconductor devices},
  author={Sze, Simon M and Li, Yiming and Ng, Kwok K},
  year={2021},
  publisher={John wiley \& sons}
}

@article{houng1999current,
  title={Current transport mechanism in trapped oxides: A generalized trap-assisted tunneling model},
  author={Houng, Mau Phon and Wang, Yeong Her and Chang, Wai Jyh},
  journal={Journal of applied physics},
  volume={86},
  number={3},
  pages={1488--1491},
  year={1999},
  publisher={American Institute of Physics}
}

@article{vieluf2022seizure,
  title={Seizure-related differences in biosignal 24-h modulation patterns},
  author={Vieluf, Solveig and El Atrache, Rima and Cantley, Sarah and Jackson, Michele and Clark, Justice and Sheehan, Theodore and Bosl, William J and Zhang, Bo and Loddenkemper, Tobias},
  journal={Scientific reports},
  volume={12},
  number={1},
  pages={1--9},
  year={2022},
  publisher={Nature Publishing Group}
}

@article{azghadi2020hardware,
  title={Hardware implementation of deep network accelerators towards healthcare and biomedical applications},
  author={Azghadi, Mostafa Rahimi and Lammie, Corey and Eshraghian, Jason K and Payvand, Melika and Donati, Elisa and Linares-Barranco, Bernabe and Indiveri, Giacomo},
  journal={IEEE Transactions on Biomedical Circuits and Systems},
  volume={14},
  number={6},
  pages={1138--1159},
  year={2020},
  publisher={IEEE}
}

@article{ghibaudo1999emerging,
  title={Emerging oxide degradation mechanisms: stress induced leakage current (SILC) and quasi-breakdown (QB)},
  author={Ghibaudo, G and Riess, P and Bruyere, S and DeSalvo, B and Jahan, C and Scarpa, A and Pananakakis, G and Vincent, E},
  journal={Microelectronic engineering},
  volume={49},
  number={1-2},
  pages={41--50},
  year={1999},
  publisher={Elsevier}
}

@misc{Dell’Acqua_2019, title={Fast current pulse}, url={https://www.laboratorio.elettrofisico.com/measuring-equipment/quality-control/fast-current-pulse/}, journal={Laboratorio Elettrofisico}, publisher={Laboratorio Elettrofisico}, author={Dell’Acqua, Francesca}, year={2019}, month={Nov}} 

@article{saha2001transient,
  title={Transient analysis in Al-doped barium strontium titanate thin films grown by pulsed laser deposition},
  author={Saha, S and Krupanidhi, SB},
  journal={Journal of Applied Physics},
  volume={90},
  number={3},
  pages={1250--1254},
  year={2001},
  publisher={American Institute of Physics}
}

@article{zafar2011measurement,
  title={Measurement of oxygen diffusion in nanometer scale HfO2 gate dielectric films},
  author={Zafar, Sufi and Jagannathan, Hemanth and Edge, Lisa F and Gupta, Devendra},
  journal={Applied Physics Letters},
  volume={98},
  number={15},
  year={2011},
  publisher={AIP Publishing}
}

@article{manceau2007metal,
  title={Metal-insulator-metal capacitors’ current instability improvement using dielectric stacks to prevent oxygen vacancies formation},
  author={Manceau, J-P and Bruyere, S and Jeannot, S and Sylvestre, A and Gonon, Patrice},
  journal={Applied Physics Letters},
  volume={91},
  number={13},
  year={2007},
  publisher={AIP Publishing}
}

@article{li2015visible,
  title={Visible-light-accelerated oxygen vacancy migration in strontium titanate},
  author={Li, Y and Lei, Y and Shen, BG and Sun, JR},
  journal={Scientific reports},
  volume={5},
  number={1},
  pages={14576},
  year={2015},
  publisher={Nature Publishing Group UK London}
}

@article{manceau2007current,
  title={Current Instability, Permittivity Variation With Frequency, and Their Relationship in Capacitor},
  author={Manceau, Jean-Philippe and Bruyere, Sylvie and Jeannot, Simon and Sylvestre, Alain and Gonon, Patrice},
  journal={IEEE transactions on device and materials reliability},
  volume={7},
  number={2},
  pages={315--323},
  year={2007},
  publisher={IEEE}
}

@article{chen2010observation,
  title={Observation of space charge limited current by Cu ion drift in porous low-k/Cu interconnects},
  author={Chen, LS and Bang, WH and Park, Young-Joon and Ryan, E Todd and King, Sean and Kim, Choong-Un},
  journal={Applied Physics Letters},
  volume={96},
  number={9},
  year={2010},
  publisher={AIP Publishing}
}

@article{mehonic2017intrinsic,
  title={Intrinsic resistance switching in amorphous silicon oxide for high performance SiOx ReRAM devices},
  author={Mehonic, Adnan and Munde, Manveer S and Ng, WingH and Buckwell, Mark and Montesi, Luca and Bosman, Michel and Shluger, AL and Kenyon, AJ},
  journal={Microelectronic Engineering},
  volume={178},
  pages={98--103},
  year={2017},
  publisher={Elsevier}
}

@article{cox2021nanoscale,
  title={A nanoscale analysis method to reveal oxygen exchange between environment, oxide, and electrodes in ReRAM devices},
  author={Cox, Horatio RJ and Buckwell, Mark and Ng, Wing H and Mannion, Daniel J and Mehonic, Adnan and Shearing, Paul R and Fearn, Sarah and Kenyon, Anthony J},
  journal={APL Materials},
  volume={9},
  number={11},
  year={2021},
  publisher={AIP Publishing}
}

@article{kenyon2019interplay,
  title={The interplay between structure and function in redox-based resistance switching},
  author={Kenyon, Anthony J and Munde, Manveer Singh and Ng, Wing H and Buckwell, Mark and Joksas, Dovydas and Mehonic, Adnan},
  journal={Faraday discussions},
  volume={213},
  pages={151--163},
  year={2019},
  publisher={Royal Society of Chemistry}
}

@ARTICLE{1487102,
  author={Kusaka, T. and Ohji, Y. and Mukai, K.},
  journal={IEEE Electron Device Letters}, 
  title={Time-dependent dielectric breakdown of ultra-thin silicon oxide}, 
  year={1987},
  volume={8},
  number={2},
  pages={61-63},
  doi={10.1109/EDL.1987.26552}}

@article{el2007ionic,
  title={Ionic and electronic defects in a-BaTiO3 thin films studied by transient and steady state conductivity measurements},
  author={El Kamel, Fadhel and Gonon, Patrice and Yangui, B{\'e}chir and Jomni, Fathi},
  journal={physica status solidi c},
  volume={4},
  number={3},
  pages={1242--1245},
  year={2007},
  publisher={Wiley Online Library}
}

@article{waser1990dcI,
  title={Dc electrical degradation of perovskite-type titanates: I, ceramics},
  author={Waser, Rainer and Baiatu, Tudor and H{\"a}rdtl, Karl-Heinz},
  journal={Journal of the American Ceramic Society},
  volume={73},
  number={6},
  pages={1645--1653},
  year={1990},
  publisher={Wiley Online Library}
}

@article{waser1990dcII,
  title={Dc electrical degradation of perovskite-type titanates: II, single crystals},
  author={Waser, Rainer and Baiatu, Tudor and H{\"a}rdtl, Karl-Heinz},
  journal={Journal of the American Ceramic Society},
  volume={73},
  number={6},
  pages={1654--1662},
  year={1990},
  publisher={Wiley Online Library}
}

@article{lee2019charge,
  title={Charge transition of oxygen vacancies during resistive switching in oxide-based RRAM},
  author={Lee, Jihang and Schell, William and Zhu, Xiaojian and Kioupakis, Emmanouil and Lu, Wei D},
  journal={ACS applied materials \& interfaces},
  volume={11},
  number={12},
  pages={11579--11586},
  year={2019},
  publisher={ACS Publications}
}

@article{meyer2005oxygen,
  title={Oxygen vacancy migration and time-dependent leakage current behavior of Ba0. 3Sr0. 7TiO3 thin films},
  author={Meyer, R and Liedtke, R and Waser, R},
  journal={Applied Physics Letters},
  volume={86},
  number={11},
  year={2005},
  publisher={AIP Publishing}
}

@article{zhong2010transient,
  title={Transient current study on pt/TiO2-x/pt capacitor},
  author={Zhong, Ni and Shima, Hisashi and Akinaga, Hiro},
  journal={Japanese Journal of Applied Physics},
  volume={49},
  number={4S},
  pages={04DJ15},
  year={2010},
  publisher={IOP Publishing}
}

@article{boikov2002near,
  title={Near-electrode model of transient currents in (Ba, Sr) TiO 3 thin film capacitor structures},
  author={Boikov, Yu A and Goltsman, BM and Yarmarkin, VK and Lemanov, VV},
  journal={Applied physics letters},
  volume={80},
  number={21},
  pages={4003--4005},
  year={2002},
  publisher={American Institute of Physics}
}

@article{wakiya2006activation,
  title={Activation energy of oxygen vacancy diffusion of yttria-stabilized-zirconia thin film determined from DC current measurements below 150 C},
  author={Wakiya, Naoki and Tajiri, Naoya and Kiguchi, Takanori and Mizutani, Nobuyasu and Cross, Jeffrey S and Shinozaki, Kazuo},
  journal={Japanese journal of applied physics},
  volume={45},
  number={6L},
  pages={L525},
  year={2006},
  publisher={IOP Publishing}
}

@article{aarhammar2011unveiling,
  title={Unveiling the complex electronic structure of amorphous metal oxides},
  author={{\AA}rhammar, Cecilia and Pietzsch, Annette and Bock, Nicolas and Holmstr{\"o}m, Erik and Araujo, C Moyses and Gr{\aa}sj{\"o}, Johan and Zhao, Shuxi and Green, Sara and Peery, T and Hennies, Franz and others},
  journal={Proceedings of the National Academy of Sciences},
  volume={108},
  number={16},
  pages={6355--6360},
  year={2011},
  publisher={National Acad Sciences}
}

@article{el2013identification,
  title={Identification of intrinsic electron trapping sites in bulk amorphous silica from ab initio calculations},
  author={El-Sayed, Al-Moatasem and Watkins, Matthew B and Shluger, Alexander L and Afanas’ev, Valeri V},
  journal={Microelectronic engineering},
  volume={109},
  pages={68--71},
  year={2013},
  publisher={Elsevier}
}

@article{munde2017intrinsic,
  title={Intrinsic resistance switching in amorphous silicon suboxides: the role of columnar microstructure},
  author={Munde, MS and Mehonic, A and Ng, WH and Buckwell, M and Montesi, L and Bosman, M and Shluger, AL and Kenyon, AJ},
  journal={Scientific reports},
  volume={7},
  number={1},
  pages={9274},
  year={2017},
  publisher={Nature Publishing Group UK London}
}

@article{wu2015evolution,
  title={Evolution of Filament Formation in Ni/HfO2/SiOx/Si-Based RRAM Devices},
  author={Wu, Xing and Mei, Sen and Bosman, Michel and Raghavan, Nagarajan and Zhang, Xixiang and Cha, Dongkyu and Li, Kun and Pey, Kin Leong},
  journal={Advanced Electronic Materials},
  volume={1},
  number={11},
  pages={1500130},
  year={2015},
  publisher={Wiley Online Library}
}

@article{buckwell2015conductance,
  title={Conductance tomography of conductive filaments in intrinsic silicon-rich silica RRAM},
  author={Buckwell, Mark and Montesi, Luca and Hudziak, Stephen and Mehonic, Adnan and Kenyon, Anthony J},
  journal={Nanoscale},
  volume={7},
  number={43},
  pages={18030--18035},
  year={2015},
  publisher={Royal Society of Chemistry}
}

@article{frenkel1938pre,
  title={On pre-breakdown phenomena in insulators and electronic semi-conductors},
  author={Frenkel, J},
  journal={Physical Review},
  volume={54},
  number={8},
  pages={647},
  year={1938},
  publisher={APS}
}

@article{dimaria1995mechanism,
  title={Mechanism for stress-induced leakage currents in thin silicon dioxide films},
  author={DiMaria, DJ and Cartier, E},
  journal={Journal of Applied physics},
  volume={78},
  number={6},
  pages={3883--3894},
  year={1995},
  publisher={American Institute of Physics}
}

@article{jimenez2001physical,
  title={Physical model for trap-assisted inelastic tunneling in metal-oxide-semiconductor structures},
  author={Jim{\'e}nez-Molinos, F and Palma, A and G{\'a}miz, F and Banqueri, J and L{\'o}pez-Villanueva, JA},
  journal={Journal of Applied Physics},
  volume={90},
  number={7},
  pages={3396--3404},
  year={2001},
  publisher={American Institute of Physics}
}

@article{ielmini2000modelingII,
  title={Modeling of SILC based on electron and hole tunneling. II. Steady-state},
  author={Ielmini, Daniele and Spinelli, Alessandro S and Rigamonti, Matteo A and Lacaita, Andrea L},
  journal={IEEE Transactions on Electron Devices},
  volume={47},
  number={6},
  pages={1266--1272},
  year={2000},
  publisher={IEEE}
}

@article{fujii2005hysteretic,
  title={Hysteretic current--voltage characteristics and resistance switching at an epitaxial oxide Schottky junction SrRuO3/ SrTi0. 99Nb0. 01O3},
  author={Fujii, T and Kawasaki, M and Sawa, A and Akoh, H and Kawazoe, Y and Tokura, Y},
  journal={Applied Physics Letters},
  volume={86},
  number={1},
  year={2005},
  publisher={AIP Publishing}
}

@article{sawa2004hysteretic,
  title={Hysteretic current--voltage characteristics and resistance switching at a rectifying Ti/ Pr0. 7Ca0. 3MnO3 interface},
  author={Sawa, A and Fujii, T and Kawasaki, M and Tokura, Y},
  journal={Applied Physics Letters},
  volume={85},
  number={18},
  pages={4073--4075},
  year={2004},
  publisher={AIP Publishing}
}

@article{seong2007hpha,
  title={HPHA effect on reversible resistive switching of Pt/ Nb-doped SrTiO3 Schottky junction for nonvolatile memory application},
  author={Seong, Dong-jun and Jo, Minseok and Lee, Dongsoo and Hwang, Hyunsang},
  journal={Electrochemical and solid-state letters},
  volume={10},
  number={6},
  pages={H168},
  year={2007},
  publisher={IOP Publishing}
}

@article{bardeen1947surface,
  title={Surface states and rectification at a metal semi-conductor contact},
  author={Bardeen, John},
  journal={Physical review},
  volume={71},
  number={10},
  pages={717},
  year={1947},
  publisher={APS}
}

@article{cowley1965surface,
  title={Surface states and barrier height of metal-semiconductor systems},
  author={Cowley, AM and Sze, SM},
  journal={Journal of Applied Physics},
  volume={36},
  number={10},
  pages={3212--3220},
  year={1965},
  publisher={American Institute of Physics}
}

@article{wronski1977surface,
  title={Surface states and barrier heights of metal-amorphous silicon schottky barriers},
  author={Wronski, CR and Carlson, DE},
  journal={Solid State Communications},
  volume={23},
  number={7},
  pages={421--424},
  year={1977},
  publisher={Elsevier}
}

@article{asanuma2009relationship,
  title={Relationship between resistive switching characteristics and band diagrams of Ti/Pr 1- x Ca x MnO 3 junctions},
  author={Asanuma, S and Akoh, H and Yamada, H and Sawa, A},
  journal={Physical Review B},
  volume={80},
  number={23},
  pages={235113},
  year={2009},
  publisher={APS}
}

@article{huang2019binary,
  title={Binary resistive-switching-device-based electronic synapse with Spike-Rate-Dependent plasticity for online learning},
  author={Huang, Peng and Li, Zefan and Dong, Zhen and Han, Runze and Zhou, Zheng and Zhu, Dongbin and Liu, Lifeng and Liu, Xiaoyan and Kang, Jinfeng},
  journal={ACS Applied Electronic Materials},
  volume={1},
  number={6},
  pages={845--853},
  year={2019},
  publisher={ACS Publications}
}

@article{li2020enhanced,
  title={Enhanced Spiking Neural Network with forgetting phenomenon based on electronic synaptic devices},
  author={Li, Jiwei and Xu, Hui and Sun, Sheng-Yang and Liu, Sen and Li, Nan and Li, Qingjiang and Liu, Haijun and Li, Zhiwei},
  journal={Neurocomputing},
  volume={408},
  pages={21--30},
  year={2020},
  publisher={Elsevier}
}

@article{bromley1982charles,
  title={Charles babbage's analytical engine, 1838},
  author={Bromley, Allan G},
  journal={Annals of the History of Computing},
  volume={4},
  number={3},
  pages={196--217},
  year={1982},
  publisher={IEEE}
}

@article{turing1936computable,
  title={On computable numbers, with an application to the Entscheidungsproblem},
  author={Turing, Alan Mathison and others},
  journal={J. of Math},
  volume={58},
  number={345-363},
  pages={5},
  year={1936}
}

@article{shannon1938symbolic,
  title={A symbolic analysis of relay and switching circuits},
  author={Shannon, Claude E},
  journal={Electrical Engineering},
  volume={57},
  number={12},
  pages={713--723},
  year={1938},
  publisher={IEEE}
}

@inproceedings{raghunandan2019design,
  title={Design of high-speed hybrid full adders using FinFET 18nm technology},
  author={Raghunandan, Apoorva and Shilpa, DR},
  booktitle={2019 4th International Conference on Recent Trends on Electronics, Information, Communication \& Technology (RTEICT)},
  pages={410--415},
  year={2019},
  organization={IEEE}
}

@article{mcculloch1943logical,
  title={A logical calculus of the ideas immanent in nervous activity},
  author={McCulloch, Warren S and Pitts, Walter},
  journal={The bulletin of mathematical biophysics},
  volume={5},
  pages={115--133},
  year={1943},
  publisher={Springer}
}

@book{rosenblatt1957perceptron,
  title={The perceptron, a perceiving and recognizing automaton Project Para},
  author={Rosenblatt, Frank},
  year={1957},
  publisher={Cornell Aeronautical Laboratory}
}

@article{marvin1969perceptrons,
  title={Perceptrons},
  author={Marvin, Minsky and Seymour, A Papert},
  journal={Cambridge, MA: MIT Press},
  volume={6},
  pages={318--362},
  year={1969}
}

@article{lenat1983eurisko,
  title={EURISKO: a program that learns new heuristics and domain concepts: the nature of heuristics III: program design and results},
  author={Lenat, Douglas B},
  journal={Artificial intelligence},
  volume={21},
  number={1-2},
  pages={61--98},
  year={1983},
  publisher={Elsevier}
}

@article{rumelhart1986learning,
  title={Learning representations by back-propagating errors},
  author={Rumelhart, David E and Hinton, Geoffrey E and Williams, Ronald J},
  journal={nature},
  volume={323},
  number={6088},
  pages={533--536},
  year={1986},
  publisher={Nature Publishing Group UK London}
}

@article{mnih2013playing,
  title={Playing atari with deep reinforcement learning},
  author={Mnih, Volodymyr and Kavukcuoglu, Koray and Silver, David and Graves, Alex and Antonoglou, Ioannis and Wierstra, Daan and Riedmiller, Martin},
  journal={arXiv preprint arXiv:1312.5602},
  year={2013}
}

@inproceedings{karpathy2015deep,
  title={Deep visual-semantic alignments for generating image descriptions},
  author={Karpathy, Andrej and Fei-Fei, Li},
  booktitle={Proceedings of the IEEE conference on computer vision and pattern recognition},
  pages={3128--3137},
  year={2015}
}

@inproceedings{xu2015show,
  title={Show, attend and tell: Neural image caption generation with visual attention},
  author={Xu, Kelvin and Ba, Jimmy and Kiros, Ryan and Cho, Kyunghyun and Courville, Aaron and Salakhudinov, Ruslan and Zemel, Rich and Bengio, Yoshua},
  booktitle={International conference on machine learning},
  pages={2048--2057},
  year={2015},
  organization={PMLR}
}

@article{ba2014deep,
  title={Do deep nets really need to be deep?},
  author={Ba, Jimmy and Caruana, Rich},
  journal={Advances in neural information processing systems},
  volume={27},
  year={2014}
}

@article{lecun1998gradient,
  title={Gradient-based learning applied to document recognition},
  author={LeCun, Yann and Bottou, L{\'e}on and Bengio, Yoshua and Haffner, Patrick},
  journal={Proceedings of the IEEE},
  volume={86},
  number={11},
  pages={2278--2324},
  year={1998},
  publisher={Ieee}
}

@inproceedings{netzer2011reading,
  title={Reading digits in natural images with unsupervised feature learning},
  author={Netzer, Yuval and Wang, Tao and Coates, Adam and Bissacco, Alessandro and Wu, Baolin and Ng, Andrew Y and others},
  booktitle={NIPS workshop on deep learning and unsupervised feature learning},
  volume={2011},
  number={5},
  pages={7},
  year={2011},
  organization={Granada, Spain}
}

@article{krizhevsky2009learning,
  title={Learning multiple layers of features from tiny images},
  author={Krizhevsky, Alex and Hinton, Geoffrey and others},
  year={2009},
  publisher={Toronto, ON, Canada}
}

@article{torralba200880,
  title={80 million tiny images: A large data set for nonparametric object and scene recognition},
  author={Torralba, Antonio and Fergus, Rob and Freeman, William T},
  journal={IEEE transactions on pattern analysis and machine intelligence},
  volume={30},
  number={11},
  pages={1958--1970},
  year={2008},
  publisher={IEEE}
}

@article{karpathy2011lessons,
  title={Lessons learned from manually classifying CIFAR-10},
  author={Karpathy, Andrej},
  journal={Published online at http://karpathy. github. io/2011/04/27/manually-classifying-cifar10},
  year={2011}
}

@article{russakovsky2015imagenet,
  title={Imagenet large scale visual recognition challenge},
  author={Russakovsky, Olga and Deng, Jia and Su, Hao and Krause, Jonathan and Satheesh, Sanjeev and Ma, Sean and Huang, Zhiheng and Karpathy, Andrej and Khosla, Aditya and Bernstein, Michael and others},
  journal={International journal of computer vision},
  volume={115},
  pages={211--252},
  year={2015},
  publisher={Springer}
}

@article{dauphin2014identifying,
  title={Identifying and attacking the saddle point problem in high-dimensional non-convex optimization},
  author={Dauphin, Yann N and Pascanu, Razvan and Gulcehre, Caglar and Cho, Kyunghyun and Ganguli, Surya and Bengio, Yoshua},
  journal={Advances in neural information processing systems},
  volume={27},
  year={2014}
}

@article{liu1989limited,
  title={On the limited memory BFGS method for large scale optimization},
  author={Liu, Dong C and Nocedal, Jorge},
  journal={Mathematical programming},
  volume={45},
  number={1},
  pages={503--528},
  year={1989},
  publisher={Springer}
}

@inproceedings{martens2010deep,
  title={Deep learning via hessian-free optimization.},
  author={Martens, James and others},
  booktitle={Icml},
  volume={27},
  pages={735--742},
  year={2010}
}

@article{mok2023chatgpt,
  title={ChatGPT could cost over 700,000 USD per day to operate},
  author={Mok, Aaron},
  journal={Microsoft is reportedly trying to make it cheaper},
  volume={2},
  year={2023}
}

@article{chen2023chatgpt,
  title={How is ChatGPT's behavior changing over time?},
  author={Chen, Lingjiao and Zaharia, Matei and Zou, James},
  journal={arXiv preprint arXiv:2307.09009},
  year={2023}
}

@article{han2016eie,
  title={EIE: Efficient inference engine on compressed deep neural network},
  author={Han, Song and Liu, Xingyu and Mao, Huizi and Pu, Jing and Pedram, Ardavan and Horowitz, Mark A and Dally, William J},
  journal={ACM SIGARCH Computer Architecture News},
  volume={44},
  number={3},
  pages={243--254},
  year={2016},
  publisher={ACM New York, NY, USA}
}

@article{han2015deep,
  title={Deep compression: Compressing deep neural networks with pruning, trained quantization and huffman coding},
  author={Han, Song and Mao, Huizi and Dally, William J},
  journal={arXiv preprint arXiv:1510.00149},
  year={2015}
}

@article{wang2022tsmc,
  title={TSMC Investment Report},
  author={Wang, Benjamin},
  year={2022}
}

@inproceedings{pomerat2019neural,
  title={On neural network activation functions and optimizers in relation to polynomial regression},
  author={Pomerat, John and Segev, Aviv and Datta, Rituparna},
  booktitle={2019 IEEE International Conference on Big Data (Big Data)},
  pages={6183--6185},
  year={2019},
  organization={IEEE}
}

@article{zhang2018efficient,
  title={Efficient neural network robustness certification with general activation functions},
  author={Zhang, Huan and Weng, Tsui-Wei and Chen, Pin-Yu and Hsieh, Cho-Jui and Daniel, Luca},
  journal={Advances in neural information processing systems},
  volume={31},
  year={2018}
}

@article{leshno1993multilayer,
  title={Multilayer feedforward networks with a nonpolynomial activation function can approximate any function},
  author={Leshno, Moshe and Lin, Vladimir Ya and Pinkus, Allan and Schocken, Shimon},
  journal={Neural networks},
  volume={6},
  number={6},
  pages={861--867},
  year={1993},
  publisher={Elsevier}
}

@book{bishop2006pattern,
  title={Pattern recognition and machine learning},
  author={Bishop, Christopher M and Nasrabadi, Nasser M},
  volume={4},
  number={4},
  year={2006},
  publisher={Springer}
}

@article{kline2005revisiting,
  title={Revisiting squared-error and cross-entropy functions for training neural network classifiers},
  author={Kline, Douglas M and Berardi, Victor L},
  journal={Neural Computing \& Applications},
  volume={14},
  pages={310--318},
  year={2005},
  publisher={Springer}
}

@article{joksas2022nonideality,
  title={Nonideality-Aware Training for Accurate and Robust Low-Power Memristive Neural Networks},
  author={Joksas, Dovydas and Wang, Erwei and Barmpatsalos, Nikolaos and Ng, Wing H and Kenyon, Anthony J and Constantinides, George A and Mehonic, Adnan},
  journal={Advanced Science},
  volume={9},
  number={17},
  pages={2105784},
  year={2022},
  publisher={Wiley Online Library}
}

@article{kim20214k,
  title={4K-memristor analog-grade passive crossbar circuit},
  author={Kim, Hyungjin and Mahmoodi, MR and Nili, H and Strukov, Dmitri B},
  journal={Nature communications},
  volume={12},
  number={1},
  pages={5198},
  year={2021},
  publisher={Nature Publishing Group UK London}
}

@article{joksas2020committee,
  title={Committee machines—a universal method to deal with non-idealities in memristor-based neural networks},
  author={Joksas, Dovydas and Freitas, Pedro and Chai, Zheng and Ng, Wing H and Buckwell, Mark and Li, C and Zhang, WD and Xia, Q and Kenyon, AJ and Mehonic, A},
  journal={Nature communications},
  volume={11},
  number={1},
  pages={4273},
  year={2020},
  publisher={Nature Publishing Group UK London}
}

@article{mannocci2023memory,
  title={In-memory computing with emerging memory devices: Status and outlook},
  author={Mannocci, P and Farronato, M and Lepri, N and Cattaneo, L and Glukhov, A and Sun, Z and Ielmini, D},
  journal={APL Machine Learning},
  volume={1},
  number={1},
  year={2023},
  publisher={AIP Publishing}
}

@article{mulaosmanovic2021ferroelectric,
  title={Ferroelectric field-effect transistors based on HfO2: a review},
  author={Mulaosmanovic, Halid and Breyer, Evelyn T and D{\"u}nkel, Stefan and Beyer, Sven and Mikolajick, Thomas and Slesazeck, Stefan},
  journal={Nanotechnology},
  volume={32},
  number={50},
  pages={502002},
  year={2021},
  publisher={IOP Publishing}
}

@article{molas2021advances,
  title={Advances in emerging memory technologies: From data storage to artificial intelligence},
  author={Molas, Gabriel and Nowak, Etienne},
  journal={Applied Sciences},
  volume={11},
  number={23},
  pages={11254},
  year={2021},
  publisher={MDPI}
}

@book{kandel2000principles,
  title={Principles of neural science},
  author={Kandel, Eric R and Schwartz, James H and Jessell, Thomas M and Siegelbaum, Steven and Hudspeth, A James and Mack, Sarah and others},
  volume={4},
  year={2000},
  publisher={McGraw-hill New York}
}

@book{squire2012fundamental,
  title={Fundamental neuroscience},
  author={Squire, Larry and Berg, Darwin and Bloom, Floyd E and Du Lac, Sascha and Ghosh, Anirvan and Spitzer, Nicholas C},
  year={2012},
  publisher={Academic press}
}

@article{mel1994information,
  title={Information processing in dendritic trees},
  author={Mel, Bartlett W},
  journal={Neural computation},
  volume={6},
  number={6},
  pages={1031--1085},
  year={1994},
  publisher={MIT Press}
}

@article{johnston1996active,
  title={Active properties of neuronal dendrites},
  author={Johnston, Daniel and Magee, Jeffrey C and Colbert, Costa M and Christie, Brian R},
  journal={Annual review of neuroscience},
  volume={19},
  number={1},
  pages={165--186},
  year={1996},
  publisher={Annual Reviews 4139 El Camino Way, PO Box 10139, Palo Alto, CA 94303-0139, USA}
}

@article{polsky2004computational,
  title={Computational subunits in thin dendrites of pyramidal cells},
  author={Polsky, Alon and Mel, Bartlett W and Schiller, Jackie},
  journal={Nature neuroscience},
  volume={7},
  number={6},
  pages={621--627},
  year={2004},
  publisher={Nature Publishing Group US New York}
}

@article{burnstock2004cotransmission,
  title={Cotransmission},
  author={Burnstock, Geoffrey},
  journal={Current opinion in pharmacology},
  volume={4},
  number={1},
  pages={47--52},
  year={2004},
  publisher={Elsevier}
}

@article{mainen1995reliability,
  title={Reliability of spike timing in neocortical neurons},
  author={Mainen, Zachary F and Sejnowski, Terrence J},
  journal={Science},
  volume={268},
  number={5216},
  pages={1503--1506},
  year={1995},
  publisher={American Association for the Advancement of Science}
}

@article{gerstner1997neural,
  title={Neural codes: firing rates and beyond},
  author={Gerstner, Wulfram and Kreiter, Andreas K and Markram, Henry and Herz, Andreas VM},
  journal={Proceedings of the National Academy of Sciences},
  volume={94},
  number={24},
  pages={12740--12741},
  year={1997},
  publisher={National Acad Sciences}
}

@article{chase2006spike,
  title={Spike-timing codes enhance the representation of multiple simultaneous sound-localization cues in the inferior colliculus},
  author={Chase, Steven M and Young, Eric D},
  journal={Journal of Neuroscience},
  volume={26},
  number={15},
  pages={3889--3898},
  year={2006},
  publisher={Soc Neuroscience}
}

@book{dayan2005theoretical,
  title={Theoretical neuroscience: computational and mathematical modeling of neural systems},
  author={Dayan, Peter and Abbott, Laurence F},
  year={2005},
  publisher={MIT press}
}

@book{eliasmith2003neural,
  title={Neural engineering: Computation, representation, and dynamics in neurobiological systems},
  author={Eliasmith, Chris and Anderson, Charles H},
  year={2003},
  publisher={MIT press}
}

@article{eliasmith2012large,
  title={A large-scale model of the functioning brain},
  author={Eliasmith, Chris and Stewart, Terrence C and Choo, Xuan and Bekolay, Trevor and DeWolf, Travis and Tang, Yichuan and Rasmussen, Daniel},
  journal={science},
  volume={338},
  number={6111},
  pages={1202--1205},
  year={2012},
  publisher={American Association for the Advancement of Science}
}

@article{salinas1994vector,
  title={Vector reconstruction from firing rates},
  author={Salinas, Emilio and Abbott, LF},
  journal={Journal of computational neuroscience},
  volume={1},
  number={1},
  pages={89--107},
  year={1994},
  publisher={Springer}
}

@article{stocks2001information,
  title={Information transmission in parallel threshold arrays: Suprathreshold stochastic resonance},
  author={Stocks, NG},
  journal={Physical Review E},
  volume={63},
  number={4},
  pages={041114},
  year={2001},
  publisher={APS}
}

@article{markram2015reconstruction,
  title={Reconstruction and simulation of neocortical microcircuitry},
  author={Markram, Henry and Muller, Eilif and Ramaswamy, Srikanth and Reimann, Michael W and Abdellah, Marwan and Sanchez, Carlos Aguado and Ailamaki, Anastasia and Alonso-Nanclares, Lidia and Antille, Nicolas and Arsever, Selim and others},
  journal={Cell},
  volume={163},
  number={2},
  pages={456--492},
  year={2015},
  publisher={Elsevier}
}

@article{guerguiev2017towards,
  title={Towards deep learning with segregated dendrites},
  author={Guerguiev, Jordan and Lillicrap, Timothy P and Richards, Blake A},
  journal={Elife},
  volume={6},
  pages={e22901},
  year={2017},
  publisher={eLife Sciences Publications, Ltd}
}

@article{abbott1999lapicque,
  title={Lapicque’s introduction of the integrate-and-fire model neuron (1907)},
  author={Abbott, Larry F},
  journal={Brain research bulletin},
  volume={50},
  number={5-6},
  pages={303--304},
  year={1999},
  publisher={Citeseer}
}

@article{krizhevsky2012imagenet,
  title={Imagenet classification with deep convolutional neural networks},
  author={Krizhevsky, Alex and Sutskever, Ilya and Hinton, Geoffrey E},
  journal={Advances in neural information processing systems},
  volume={25},
  year={2012}
}

@article{lillicrap2016random,
  title={Random synaptic feedback weights support error backpropagation for deep learning},
  author={Lillicrap, Timothy P and Cownden, Daniel and Tweed, Douglas B and Akerman, Colin J},
  journal={Nature communications},
  volume={7},
  number={1},
  pages={13276},
  year={2016},
  publisher={Nature Publishing Group UK London}
}

@article{lapicque1907louis,
  title={Louis lapicque},
  author={Lapicque, Louis {\'E}douard},
  journal={J. physiol},
  volume={9},
  pages={620--635},
  year={1907}
}

@article{knight1972dynamics,
  title={Dynamics of encoding in a population of neurons},
  author={Knight, Bruce W},
  journal={The Journal of general physiology},
  volume={59},
  number={6},
  pages={734--766},
  year={1972},
  publisher={Rockefeller University Press}
}

@book{koch2004biophysics,
  title={Biophysics of computation: information processing in single neurons},
  author={Koch, Christof},
  year={2004},
  publisher={Oxford university press}
}

@article{hunsberger2014competing,
  title={The competing benefits of noise and heterogeneity in neural coding},
  author={Hunsberger, Eric and Scott, Matthew and Eliasmith, Chris},
  journal={Neural computation},
  volume={26},
  number={8},
  pages={1600--1623},
  year={2014},
  publisher={MIT Press}
}

@article{mead1990neuromorphic,
  title={Neuromorphic electronic systems},
  author={Mead, Carver},
  journal={Proceedings of the IEEE},
  volume={78},
  number={10},
  pages={1629--1636},
  year={1990},
  publisher={IEEE}
}

@article{bear1994synaptic,
  title={Synaptic plasticity: LTP and LTD},
  author={Bear, Mark F and Malenka, Robert C},
  journal={Current opinion in neurobiology},
  volume={4},
  number={3},
  pages={389--399},
  year={1994},
  publisher={Elsevier}
}

@article{zucker2002short,
  title={Short-term synaptic plasticity},
  author={Zucker, Robert S and Regehr, Wade G},
  journal={Annual review of physiology},
  volume={64},
  number={1},
  pages={355--405},
  year={2002},
  publisher={Annual Reviews 4139 El Camino Way, PO Box 10139, Palo Alto, CA 94303-0139, USA}
}

@article{hebb2002organization,
  title={The organization of behavior. 1949},
  author={Hebb, Donald},
  journal={New York Wiely},
  volume={2},
  number={7},
  pages={8},
  year={2002}
}

@article{shatz1992developing,
  title={The developing brain},
  author={Shatz, Carla J},
  journal={Scientific American},
  volume={267},
  number={3},
  pages={60--67},
  year={1992},
  publisher={JSTOR}
}

@book{gerstner2014neuronal,
  title={Neuronal dynamics: From single neurons to networks and models of cognition},
  author={Gerstner, Wulfram and Kistler, Werner M and Naud, Richard and Paninski, Liam},
  year={2014},
  publisher={Cambridge University Press}
}

@article{tavanaei2019deep,
  title={Deep learning in spiking neural networks},
  author={Tavanaei, Amirhossein and Ghodrati, Masoud and Kheradpisheh, Saeed Reza and Masquelier, Timoth{\'e}e and Maida, Anthony},
  journal={Neural networks},
  volume={111},
  pages={47--63},
  year={2019},
  publisher={Elsevier}
}

@article{wang2020supervised,
  title={Supervised learning in spiking neural networks: A review of algorithms and evaluations},
  author={Wang, Xiangwen and Lin, Xianghong and Dang, Xiaochao},
  journal={Neural Networks},
  volume={125},
  pages={258--280},
  year={2020},
  publisher={Elsevier}
}

@article{wunderlich2019demonstrating,
  title={Demonstrating advantages of neuromorphic computation: a pilot study},
  author={Wunderlich, Timo and Kungl, Akos F and M{\"u}ller, Eric and Hartel, Andreas and Stradmann, Yannik and Aamir, Syed Ahmed and Gr{\"u}bl, Andreas and Heimbrecht, Arthur and Schreiber, Korbinian and St{\"o}ckel, David and others},
  journal={Frontiers in neuroscience},
  volume={13},
  pages={260},
  year={2019},
  publisher={Frontiers Media SA}
}

@inproceedings{zhou2020towards,
  title={Towards real-time machine learning for anomaly detection},
  author={Zhou, Peng and Abbaszadeh, Shiva},
  booktitle={2020 IEEE Nuclear Science Symposium and Medical Imaging Conference (NSS/MIC)},
  pages={1--3},
  year={2020},
  organization={IEEE}
}

@article{noble1962modification,
  title={A modification of the Hodgkin—Huxley equations applicable to Purkinje fibre action and pacemaker potentials},
  author={Noble, Denis},
  journal={The Journal of physiology},
  volume={160},
  number={2},
  pages={317},
  year={1962},
  publisher={Wiley}
}

@article{chua2012hodgkin,
  title={Hodgkin--Huxley axon is made of memristors},
  author={Chua, Leon and Sbitnev, Valery and Kim, Hyongsuk},
  journal={International Journal of Bifurcation and Chaos},
  volume={22},
  number={03},
  pages={1230011},
  year={2012},
  publisher={World Scientific}
}

@article{tal1997computing,
  title={Computing with the leaky integrate-and-fire neuron: logarithmic computation and multiplication},
  author={Tal, Doron and Schwartz, Eric L},
  journal={Neural computation},
  volume={9},
  number={2},
  pages={305--318},
  year={1997},
  publisher={MIT Press}
}

@article{teeter2018generalized,
  title={Generalized leaky integrate-and-fire models classify multiple neuron types},
  author={Teeter, Corinne and Iyer, Ramakrishnan and Menon, Vilas and Gouwens, Nathan and Feng, David and Berg, Jim and Szafer, Aaron and Cain, Nicholas and Zeng, Hongkui and Hawrylycz, Michael and others},
  journal={Nature communications},
  volume={9},
  number={1},
  pages={709},
  year={2018},
  publisher={Nature Publishing Group UK London}
}

@article{lapique1907researches,
  title={Researches quantatives sur l'excitation electrique des nerfs traitee comme une polarization},
  author={Lapique, Louis},
  journal={Journal of Physiology, Pathology and Genetics},
  volume={9},
  pages={620--635},
  year={1907}
}

@article{stein1967frequency,
  title={The frequency of nerve action potentials generated by applied currents},
  author={Stein, RB and Hodgkin, Alan Lloyd},
  journal={Proceedings of the Royal Society of London. Series B. Biological Sciences},
  volume={167},
  number={1006},
  pages={64--86},
  year={1967},
  publisher={The Royal Society London}
}

@article{pickett2013scalable,
  title={A scalable neuristor built with Mott memristors},
  author={Pickett, Matthew D and Medeiros-Ribeiro, Gilberto and Williams, R Stanley},
  journal={Nature materials},
  volume={12},
  number={2},
  pages={114--117},
  year={2013},
  publisher={Nature Publishing Group UK London}
}

@article{wang2018fully,
  title={Fully memristive neural networks for pattern classification with unsupervised learning},
  author={Wang, Zhongrui and Joshi, Saumil and Savel’Ev, Sergey and Song, Wenhao and Midya, Rivu and Li, Yunning and Rao, Mingyi and Yan, Peng and Asapu, Shiva and Zhuo, Ye and others},
  journal={Nature Electronics},
  volume={1},
  number={2},
  pages={137--145},
  year={2018},
  publisher={Nature Publishing Group UK London}
}

@article{gutig2014spike,
  title={To spike, or when to spike?},
  author={G{\"u}tig, Robert},
  journal={Current opinion in neurobiology},
  volume={25},
  pages={134--139},
  year={2014},
  publisher={Elsevier}
}

@article{bohte2002error,
  title={Error-backpropagation in temporally encoded networks of spiking neurons},
  author={Bohte, Sander M and Kok, Joost N and La Poutre, Han},
  journal={Neurocomputing},
  volume={48},
  number={1-4},
  pages={17--37},
  year={2002},
  publisher={Elsevier}
}

@inproceedings{mckennoch2006fast,
  title={Fast modifications of the spikeprop algorithm},
  author={McKennoch, Sam and Liu, Dingding and Bushnell, Linda G},
  booktitle={The 2006 IEEE International Joint Conference on Neural Network Proceedings},
  pages={3970--3977},
  year={2006},
  organization={IEEE}
}

@article{mostafa2017supervised,
  title={Supervised learning based on temporal coding in spiking neural networks},
  author={Mostafa, Hesham},
  journal={IEEE transactions on neural networks and learning systems},
  volume={29},
  number={7},
  pages={3227--3235},
  year={2017},
  publisher={IEEE}
}

@inproceedings{stromatias2015supervised,
  title={Supervised learning in spiking neural networks with limited precision: Snn/lp},
  author={Stromatias, Evangelos and Marsland, John S},
  booktitle={2015 International Joint Conference on Neural Networks (IJCNN)},
  pages={1--7},
  year={2015},
  organization={IEEE}
}

@article{lee2016training,
  title={Training deep spiking neural networks using backpropagation},
  author={Lee, Jun Haeng and Delbruck, Tobi and Pfeiffer, Michael},
  journal={Frontiers in neuroscience},
  volume={10},
  pages={508},
  year={2016},
  publisher={Frontiers Media SA}
}

@article{huh2018gradient,
  title={Gradient descent for spiking neural networks},
  author={Huh, Dongsung and Sejnowski, Terrence J},
  journal={Advances in neural information processing systems},
  volume={31},
  year={2018}
}

@inproceedings{perez2010spike,
  title={Spike-based convolutional network for real-time processing},
  author={Perez-Carrasco, Jose-Antonio and Serrano, Carmen and Acha, Begona and Serrano-Gotarredona, Teresa and Linares-Barranco, Bernabe},
  booktitle={2010 20th International Conference on Pattern Recognition},
  pages={3085--3088},
  year={2010},
  organization={IEEE}
}

@article{cao2015spiking,
  title={Spiking deep convolutional neural networks for energy-efficient object recognition},
  author={Cao, Yongqiang and Chen, Yang and Khosla, Deepak},
  journal={International Journal of Computer Vision},
  volume={113},
  pages={54--66},
  year={2015},
  publisher={Springer}
}

@inproceedings{diehl2015fast,
  title={Fast-classifying, high-accuracy spiking deep networks through weight and threshold balancing},
  author={Diehl, Peter U and Neil, Daniel and Binas, Jonathan and Cook, Matthew and Liu, Shih-Chii and Pfeiffer, Michael},
  booktitle={2015 International joint conference on neural networks (IJCNN)},
  pages={1--8},
  year={2015},
  organization={ieee}
}

@article{esser2015backpropagation,
  title={Backpropagation for energy-efficient neuromorphic computing},
  author={Esser, Steve K and Appuswamy, Rathinakumar and Merolla, Paul and Arthur, John V and Modha, Dharmendra S},
  journal={Advances in neural information processing systems},
  volume={28},
  year={2015}
}

@article{merolla2014million,
  title={A million spiking-neuron integrated circuit with a scalable communication network and interface},
  author={Merolla, Paul A and Arthur, John V and Alvarez-Icaza, Rodrigo and Cassidy, Andrew S and Sawada, Jun and Akopyan, Filipp and Jackson, Bryan L and Imam, Nabil and Guo, Chen and Nakamura, Yutaka and others},
  journal={Science},
  volume={345},
  number={6197},
  pages={668--673},
  year={2014},
  publisher={American Association for the Advancement of Science}
}

@article{hasan2017chip,
  title={On-chip training of memristor crossbar based multi-layer neural networks},
  author={Hasan, Raqibul and Taha, Tarek M and Yakopcic, Chris},
  journal={Microelectronics journal},
  volume={66},
  pages={31--40},
  year={2017},
  publisher={Elsevier}
}

@article{maranhao2021low,
  title={Low-power hybrid memristor-CMOS spiking neuromorphic STDP learning system},
  author={Maranh{\~a}o, Gabriel and Guimar{\~a}es, Janaina Gon{\c{c}}alves},
  journal={IET Circuits, Devices \& Systems},
  volume={15},
  number={3},
  pages={237--250},
  year={2021},
  publisher={Wiley Online Library}
}

@article{yakopcic2013generalized,
  title={Generalized memristive device SPICE model and its application in circuit design},
  author={Yakopcic, Chris and Taha, Tarek M and Subramanyam, Guru and Pino, Robinson E},
  journal={IEEE Transactions on Computer-Aided Design of Integrated Circuits and Systems},
  volume={32},
  number={8},
  pages={1201--1214},
  year={2013},
  publisher={IEEE}
}

@article{ghanbari2017estimating,
  title={Estimating short-term synaptic plasticity from pre-and postsynaptic spiking},
  author={Ghanbari, Abed and Malyshev, Aleksey and Volgushev, Maxim and Stevenson, Ian H},
  journal={PLoS computational biology},
  volume={13},
  number={9},
  pages={e1005738},
  year={2017},
  publisher={Public Library of Science San Francisco, CA USA}
}

@article{huang2018memristor,
  title={Memristor neural network design},
  author={Huang, Anping and Zhang, Xinjiang and Li, Runmiao and Chi, Yu},
  journal={Memristor and Memristive Neural Networks},
  pages={1--35},
  year={2018},
  publisher={BoD--Books on Demand}
}

@article{sun2018synaptic,
  title={Synaptic computation enabled by joule heating of single-layered semiconductors for sound localization},
  author={Sun, Linfeng and Zhang, Yishu and Hwang, Geunwoo and Jiang, Jinbao and Kim, Dohyun and Eshete, Yonas Assefa and Zhao, Rong and Yang, Heejun},
  journal={Nano letters},
  volume={18},
  number={5},
  pages={3229--3234},
  year={2018},
  publisher={ACS Publications}
}

@article{o2013real,
  title={Real-time classification and sensor fusion with a spiking deep belief network},
  author={O'Connor, Peter and Neil, Daniel and Liu, Shih-Chii and Delbruck, Tobi and Pfeiffer, Michael},
  journal={Frontiers in neuroscience},
  volume={7},
  pages={178},
  year={2013},
  publisher={Frontiers Media SA}
}

@article{stromatias2015robustness,
  title={Robustness of spiking deep belief networks to noise and reduced bit precision of neuro-inspired hardware platforms},
  author={Stromatias, Evangelos and Neil, Daniel and Pfeiffer, Michael and Galluppi, Francesco and Furber, Steve B and Liu, Shih-Chii},
  journal={Frontiers in neuroscience},
  volume={9},
  pages={222},
  year={2015},
  publisher={Frontiers Media SA}
}

@article{neftci2014event,
  title={Event-driven contrastive divergence for spiking neuromorphic systems},
  author={Neftci, Emre and Das, Srinjoy and Pedroni, Bruno and Kreutz-Delgado, Kenneth and Cauwenberghs, Gert},
  journal={Frontiers in neuroscience},
  volume={7},
  pages={272},
  year={2014},
  publisher={Frontiers Media SA}
}

@inproceedings{hinton1983optimal,
  title={Optimal perceptual inference},
  author={Hinton, Geoffrey E and Sejnowski, Terrence J},
  booktitle={Proceedings of the IEEE conference on Computer Vision and Pattern Recognition},
  volume={448},
  pages={448--453},
  year={1983},
  organization={Citeseer}
}

@inproceedings{nair2010rectified,
  title={Rectified linear units improve restricted boltzmann machines},
  author={Nair, Vinod and Hinton, Geoffrey E},
  booktitle={Proceedings of the 27th international conference on machine learning (ICML-10)},
  pages={807--814},
  year={2010}
}

@inproceedings{vincent2008extracting,
  title={Extracting and composing robust features with denoising autoencoders},
  author={Vincent, Pascal and Larochelle, Hugo and Bengio, Yoshua and Manzagol, Pierre-Antoine},
  booktitle={Proceedings of the 25th international conference on Machine learning},
  pages={1096--1103},
  year={2008}
}

@article{poole2014analyzing,
  title={Analyzing noise in autoencoders and deep networks},
  author={Poole, Ben and Sohl-Dickstein, Jascha and Ganguli, Surya},
  journal={arXiv preprint arXiv:1406.1831},
  year={2014}
}

@article{neftci2019surrogate,
  title={Surrogate gradient learning in spiking neural networks: Bringing the power of gradient-based optimization to spiking neural networks},
  author={Neftci, Emre O and Mostafa, Hesham and Zenke, Friedemann},
  journal={IEEE Signal Processing Magazine},
  volume={36},
  number={6},
  pages={51--63},
  year={2019},
  publisher={IEEE}
}

@article{werbos1990backpropagation,
  title={Backpropagation through time: what it does and how to do it},
  author={Werbos, Paul J},
  journal={Proceedings of the IEEE},
  volume={78},
  number={10},
  pages={1550--1560},
  year={1990},
  publisher={IEEE}
}

@article{hazan2018bindsnet,
  title={Bindsnet: A machine learning-oriented spiking neural networks library in python},
  author={Hazan, Hananel and Saunders, Daniel J and Khan, Hassaan and Patel, Devdhar and Sanghavi, Darpan T and Siegelmann, Hava T and Kozma, Robert},
  journal={Frontiers in neuroinformatics},
  volume={12},
  pages={89},
  year={2018},
  publisher={Frontiers Media SA}
}

@article{pehle2021norse,
  title={Norse-A deep learning library for spiking neural networks},
  author={Pehle, Christian-Gernot and Egholm Pedersen, Jens},
  journal={Zenodo},
  year={2021}
}

@article{lin2020adaptive,
  title={Adaptive synaptic memory via lithium ion modulation in RRAM devices},
  author={Lin, Chih-Yang and Chen, Jia and Chen, Po-Hsun and Chang, Ting-Chang and Wu, Yuting and Eshraghian, Jason K and Moon, John and Yoo, Sangmin and Wang, Yu-Hsun and Chen, Wen-Chung and others},
  journal={Small},
  volume={16},
  number={42},
  pages={2003964},
  year={2020},
  publisher={Wiley Online Library}
}

@article{serrano2013stdp,
  title={STDP and STDP variations with memristors for spiking neuromorphic learning systems},
  author={Serrano-Gotarredona, Teresa and Masquelier, Timoth{\'e}e and Prodromakis, Themistoklis and Indiveri, Giacomo and Linares-Barranco, Bernabe},
  journal={Frontiers in neuroscience},
  volume={7},
  pages={2},
  year={2013},
  publisher={Frontiers Media SA}
}

@article{bao2019dual,
  title={Dual-gated MoS2 neuristor for neuromorphic computing},
  author={Bao, Lin and Zhu, Jiadi and Yu, Zhizhen and Jia, Rundong and Cai, Qifeng and Wang, Zongwei and Xu, Liying and Wu, Yanqing and Yang, Yuchao and Cai, Yimao and others},
  journal={ACS applied materials \& interfaces},
  volume={11},
  number={44},
  pages={41482--41489},
  year={2019},
  publisher={ACS Publications}
}

@article{del2020caloritronics,
  title={A caloritronics-based Mott neuristor},
  author={Del Valle, Javier and Salev, Pavel and Kalcheim, Yoav and Schuller, Ivan K},
  journal={Scientific reports},
  volume={10},
  number={1},
  pages={4292},
  year={2020},
  publisher={Nature Publishing Group UK London}
}

@article{lim2015reliability,
  title={Reliability of neuronal information conveyed by unreliable neuristor-based leaky integrate-and-fire neurons: a model study},
  author={Lim, Hyungkwang and Kornijcuk, Vladimir and Seok, Jun Yeong and Kim, Seong Keun and Kim, Inho and Hwang, Cheol Seong and Jeong, Doo Seok},
  journal={Scientific reports},
  volume={5},
  number={1},
  pages={9776},
  year={2015},
  publisher={Nature Publishing Group UK London}
}

@article{hao2020monolayer,
  title={A monolayer leaky integrate-and-fire neuron for 2D memristive neuromorphic networks},
  author={Hao, Song and Ji, Xinglong and Zhong, Shuai and Pang, Khin Yin and Lim, Kian Guan and Chong, Tow Chong and Zhao, Rong},
  journal={Advanced Electronic Materials},
  volume={6},
  number={4},
  pages={1901335},
  year={2020},
  publisher={Wiley Online Library}
}

@article{kang2021build,
  title={How to build a memristive integrate-and-fire model for spiking neuronal signal generation},
  author={Kang, Sung Mo and Choi, Donguk and Eshraghian, Jason K and Zhou, Peng and Kim, Jieun and Kong, Bai-Sun and Zhu, Xiaojian and Demirkol, Ahmet Samil and Ascoli, Alon and Tetzlaff, Ronald and others},
  journal={IEEE Transactions on Circuits and Systems I: Regular Papers},
  volume={68},
  number={12},
  pages={4837--4850},
  year={2021},
  publisher={IEEE}
}

@inproceedings{zhou2022fully,
  title={A fully memristive spiking neural network with unsupervised learning},
  author={Zhou, Peng and Choi, Dong-Uk and Eshraghian, Jason K and Kang, Sung-Mo},
  booktitle={2022 IEEE International Symposium on Circuits and Systems (ISCAS)},
  pages={634--638},
  year={2022},
  organization={IEEE}
}

@article{zhu2020memristor,
  title={Memristor networks for real-time neural activity analysis},
  author={Zhu, Xiaojian and Wang, Qiwen and Lu, Wei D},
  journal={Nature communications},
  volume={11},
  number={1},
  pages={2439},
  year={2020},
  publisher={Nature Publishing Group UK London}
}

@article{hochstetter2021avalanches,
  title={Avalanches and edge-of-chaos learning in neuromorphic nanowire networks},
  author={Hochstetter, Joel and Zhu, Ruomin and Loeffler, Alon and Diaz-Alvarez, Adrian and Nakayama, Tomonobu and Kuncic, Zdenka},
  journal={Nature Communications},
  volume={12},
  number={1},
  pages={4008},
  year={2021},
  publisher={Nature Publishing Group UK London}
}

@article{loeffler2021modularity,
  title={Modularity and multitasking in neuro-memristive reservoir networks},
  author={Loeffler, Alon and Zhu, Ruomin and Hochstetter, Joel and Diaz-Alvarez, Adrian and Nakayama, Tomonobu and Shine, James M and Kuncic, Zdenka},
  journal={Neuromorphic Computing and Engineering},
  volume={1},
  number={1},
  pages={014003},
  year={2021},
  publisher={IOP Publishing}
}

@inproceedings{zhu2021mnist,
  title={MNIST classification using neuromorphic nanowire networks},
  author={Zhu, Ruomin and Loeffler, Alon and Hochstetter, Joel and Diaz-Alvarez, Adrian and Nakayama, Tomonobu and Stieg, Adam and Gimzewski, James and Lizier, Joseph and Kuncic, Zdenka},
  booktitle={International Conference on Neuromorphic Systems 2021},
  pages={1--4},
  year={2021}
}

@inproceedings{eshraghian20213,
  title={A 3-D reconfigurable RRAM crossbar inference engine},
  author={Eshraghian, Jason K and Cho, Kyoungrok and Kang, Sung Mo},
  booktitle={2021 IEEE International Symposium on Circuits and Systems (ISCAS)},
  pages={1--5},
  year={2021},
  organization={IEEE}
}

@article{li2018analog,
  title={Analog Computing using 1T1R Crossbar Arrays Analog Computing using 1T1R Crossbar Arrays},
  author={Li, Yunning},
  journal={Feb},
  volume={28},
  pages={1--81},
  year={2018}
}

@article{zhang2020brain,
  title={Brain-inspired computing with memristors: Challenges in devices, circuits, and systems},
  author={Zhang, Yang and Wang, Zhongrui and Zhu, Jiadi and Yang, Yuchao and Rao, Mingyi and Song, Wenhao and Zhuo, Ye and Zhang, Xumeng and Cui, Menglin and Shen, Linlin and others},
  journal={Applied Physics Reviews},
  volume={7},
  number={1},
  year={2020},
  publisher={AIP Publishing}
}

@article{eshraghian2022memristor,
  title={Memristor-based binarized spiking neural networks: Challenges and applications},
  author={Eshraghian, Jason K and Wang, Xinxin and Lu, Wei D},
  journal={IEEE Nanotechnology Magazine},
  volume={16},
  number={2},
  pages={14--23},
  year={2022},
  publisher={IEEE}
}

@article{tang2020fully,
  title={Fully memristive spiking-neuron learning framework and its applications on pattern recognition and edge detection},
  author={Tang, Zhiri and Chen, Yanhua and Ye, Shizhuo and Hu, Ruihan and Wang, Hao and He, Jin and Huang, Qijun and Chang, Sheng},
  journal={Neurocomputing},
  volume={403},
  pages={80--87},
  year={2020},
  publisher={Elsevier}
}

@article{kiani2021fully,
  title={A fully hardware-based memristive multilayer neural network},
  author={Kiani, Fatemeh and Yin, Jun and Wang, Zhongrui and Yang, J Joshua and Xia, Qiangfei},
  journal={Science advances},
  volume={7},
  number={48},
  pages={eabj4801},
  year={2021},
  publisher={American Association for the Advancement of Science}
}

@article{wang2018handwritten,
  title={Handwritten-digit recognition by hybrid convolutional neural network based on HfO2 memristive spiking-neuron},
  author={Wang, JJ and Hu, SG and Zhan, XT and Yu, Q and Liu, Z and Chen, Tu Pei and Yin, Y and Hosaka, Sumio and Liu, Y},
  journal={Scientific reports},
  volume={8},
  number={1},
  pages={12546},
  year={2018},
  publisher={Nature Publishing Group UK London}
}

@article{wijesinghe2018all,
  title={An all-memristor deep spiking neural computing system: A step toward realizing the low-power stochastic brain},
  author={Wijesinghe, Parami and Ankit, Aayush and Sengupta, Abhronil and Roy, Kaushik},
  journal={IEEE Transactions on Emerging Topics in Computational Intelligence},
  volume={2},
  number={5},
  pages={345--358},
  year={2018},
  publisher={IEEE}
}

@article{duan2020spiking,
  title={Spiking neurons with spatiotemporal dynamics and gain modulation for monolithically integrated memristive neural networks},
  author={Duan, Qingxi and Jing, Zhaokun and Zou, Xiaolong and Wang, Yanghao and Yang, Ke and Zhang, Teng and Wu, Si and Huang, Ru and Yang, Yuchao},
  journal={Nature communications},
  volume={11},
  number={1},
  pages={3399},
  year={2020},
  publisher={Nature Publishing Group UK London}
}

@inproceedings{molter2016generalized,
  title={The generalized metastable switch memristor model},
  author={Molter, Timothy W and Nugent, M Alexander},
  booktitle={CNNA 2016; 15th International workshop on cellular nanoscale networks and their applications},
  pages={1--2},
  year={2016},
  organization={VDE}
}

@article{chen2018neurosim,
  title={NeuroSim: A circuit-level macro model for benchmarking neuro-inspired architectures in online learning},
  author={Chen, Pai-Yu and Peng, Xiaochen and Yu, Shimeng},
  journal={IEEE Transactions on Computer-Aided Design of Integrated Circuits and Systems},
  volume={37},
  number={12},
  pages={3067--3080},
  year={2018},
  publisher={IEEE}
}

@inproceedings{rasch2021flexible,
  title={A flexible and fast PyTorch toolkit for simulating training and inference on analog crossbar arrays},
  author={Rasch, Malte J and Moreda, Diego and Gokmen, Tayfun and Le Gallo, Manuel and Carta, Fabio and Goldberg, Cindy and El Maghraoui, Kaoutar and Sebastian, Abu and Narayanan, Vijay},
  booktitle={2021 IEEE 3rd international conference on artificial intelligence circuits and systems (AICAS)},
  pages={1--4},
  year={2021},
  organization={IEEE}
}

@article{huang2022neuropack,
  title={Neuropack: An algorithm-level python-based simulator for memristor-empowered neuro-inspired computing},
  author={Huang, Jinqi and Stathopoulos, Spyros and Serb, Alexantrou and Prodromakis, Themis},
  journal={Frontiers in Nanotechnology},
  volume={4},
  pages={851856},
  year={2022},
  publisher={Frontiers Media SA}
}

@book{zhou2022memristive,
  title={Memristive Spiking Neural Network for Neuromorphic Computing},
  author={Zhou, Peng},
  year={2022},
  publisher={University of California, Santa Cruz}
}

@inproceedings{querlioz2012bioinspired,
  title={Bioinspired networks with nanoscale memristive devices that combine the unsupervised and supervised learning approaches},
  author={Querlioz, Damien and Zhao, WS and Dollfus, Philippe and Klein, J-O and Bichler, Olivier and Gamrat, Christian},
  booktitle={Proceedings of the 2012 IEEE/ACM International Symposium on Nanoscale Architectures},
  pages={203--210},
  year={2012}
}

@article{yu2011electronic,
  title={An electronic synapse device based on metal oxide resistive switching memory for neuromorphic computation},
  author={Yu, Shimeng and Wu, Yi and Jeyasingh, Rakesh and Kuzum, Duygu and Wong, H-S Philip},
  journal={IEEE Transactions on Electron Devices},
  volume={58},
  number={8},
  pages={2729--2737},
  year={2011},
  publisher={IEEE}
}

@article{wu2018dendritic,
  title={Dendritic-inspired processing enables bio-plausible STDP in compound binary synapses},
  author={Wu, Xinyu and Saxena, Vishal},
  journal={IEEE Transactions on Nanotechnology},
  volume={18},
  pages={149--159},
  year={2018},
  publisher={IEEE}
}

@article{kheradpisheh2018stdp,
  title={STDP-based spiking deep convolutional neural networks for object recognition},
  author={Kheradpisheh, Saeed Reza and Ganjtabesh, Mohammad and Thorpe, Simon J and Masquelier, Timoth{\'e}e},
  journal={Neural Networks},
  volume={99},
  pages={56--67},
  year={2018},
  publisher={Elsevier}
}

@article{markram2012spike,
  title={Spike-timing-dependent plasticity: a comprehensive overview},
  author={Markram, Henry and Gerstner, Wulfram and Sj{\"o}str{\"o}m, Per Jesper},
  journal={Frontiers in synaptic neuroscience},
  volume={4},
  pages={2},
  year={2012},
  publisher={Frontiers Research Foundation}
}

@article{jo2009programmable,
  title={Programmable resistance switching in nanoscale two-terminal devices},
  author={Jo, Sung Hyun and Kim, Kuk-Hwan and Lu, Wei},
  journal={Nano letters},
  volume={9},
  number={1},
  pages={496--500},
  year={2009},
  publisher={ACS Publications}
}

@article{yu2012switching,
  title={On the switching parameter variation of metal oxide RRAM—Part II: Model corroboration and device design strategy},
  author={Yu, Shimeng and Guan, Ximeng and Wong, H-S Philip},
  journal={IEEE Transactions on Electron Devices},
  volume={59},
  number={4},
  pages={1183--1188},
  year={2012},
  publisher={IEEE}
}

@article{soni2011stochastic,
  title={On the stochastic nature of resistive switching in Cu doped Ge0. 3Se0. 7 based memory devices},
  author={Soni, R and Meuffels, P and Staikov, G and Weng, R and K{\"u}geler, C and Petraru, A and Hambe, M and Waser, R and Kohlstedt, H},
  journal={Journal of applied physics},
  volume={110},
  number={5},
  year={2011},
  publisher={AIP Publishing}
}

@article{suri2013bio,
  title={Bio-inspired stochastic computing using binary CBRAM synapses},
  author={Suri, Manan and Querlioz, Damien and Bichler, Olivier and Palma, Giorgio and Vianello, Elisa and Vuillaume, Dominique and Gamrat, Christian and DeSalvo, Barbara},
  journal={IEEE Transactions on Electron Devices},
  volume={60},
  number={7},
  pages={2402--2409},
  year={2013},
  publisher={IEEE}
}

@article{gaba2013stochastic,
  title={Stochastic memristive devices for computing and neuromorphic applications},
  author={Gaba, Siddharth and Sheridan, Patrick and Zhou, Jiantao and Choi, Shinhyun and Lu, Wei},
  journal={Nanoscale},
  volume={5},
  number={13},
  pages={5872--5878},
  year={2013},
  publisher={Royal Society of Chemistry}
}

@article{bill2014compound,
  title={A compound memristive synapse model for statistical learning through STDP in spiking neural networks},
  author={Bill, Johannes and Legenstein, Robert},
  journal={Frontiers in neuroscience},
  volume={8},
  pages={412},
  year={2014},
  publisher={Frontiers Media SA}
}

@article{li2014stochastic,
  title={Stochastic switching of TiO 2-based memristive devices with identical initial memory states},
  author={Li, Qingjiang and Khiat, Ali and Salaoru, Iulia and Xu, Hui and Prodromakis, Themistoklis},
  journal={Nanoscale research letters},
  volume={9},
  pages={1--5},
  year={2014},
  publisher={Springer}
}

@article{nessler2013bayesian,
  title={Bayesian computation emerges in generic cortical microcircuits through spike-timing-dependent plasticity},
  author={Nessler, Bernhard and Pfeiffer, Michael and Buesing, Lars and Maass, Wolfgang},
  journal={PLoS computational biology},
  volume={9},
  number={4},
  pages={e1003037},
  year={2013},
  publisher={Public Library of Science San Francisco, USA}
}

@article{kappel2014stdp,
  title={STDP installs in winner-take-all circuits an online approximation to hidden Markov model learning},
  author={Kappel, David and Nessler, Bernhard and Maass, Wolfgang},
  journal={PLoS computational biology},
  volume={10},
  number={3},
  pages={e1003511},
  year={2014},
  publisher={Public Library of Science San Francisco, USA}
}

@article{sprekeler2007slowness,
  title={Slowness: An objective for spike-timing--dependent plasticity?},
  author={Sprekeler, Henning and Michaelis, Christian and Wiskott, Laurenz},
  journal={PLoS Computational Biology},
  volume={3},
  number={6},
  pages={e112},
  year={2007},
  publisher={Public Library of Science San Francisco, USA}
}

@article{toyoizumi2004spike,
  title={Spike-timing dependent plasticity and mutual information maximization for a spiking neuron model},
  author={Toyoizumi, Taro and Pfister, Jean-Pascal and Aihara, Kazuyuki and Gerstner, Wulfram},
  journal={Advances in neural information processing systems},
  volume={17},
  year={2004}
}

@article{kang2015emulation,
  title={Emulation of spike-timing dependent plasticity in nano-scale phase change memory},
  author={Kang, Dae-Hwan and Jun, Hyun-Goo and Ryoo, Kyung-Chang and Jeong, Hongsik and Sohn, Hyunchul},
  journal={Neurocomputing},
  volume={155},
  pages={153--158},
  year={2015},
  publisher={Elsevier}
}

@article{mandal2014novel,
  title={Novel synaptic memory device for neuromorphic computing},
  author={Mandal, Saptarshi and El-Amin, Ammaarah and Alexander, Kaitlyn and Rajendran, Bipin and Jha, Rashmi},
  journal={Scientific reports},
  volume={4},
  number={1},
  pages={5333},
  year={2014},
  publisher={Nature Publishing Group UK London}
}

@article{krzysteczko2012memristive,
  title={The memristive magnetic tunnel junction as a nanoscopic synapse-neuron system},
  author={Krzysteczko, Patryk and M{\"u}nchenberger, Jana and Sch{\"a}fers, Markus and Reiss, G{\"u}nter and Thomas, Andy},
  journal={Advanced Materials},
  volume={24},
  number={6},
  pages={762--766},
  year={2012},
  publisher={Wiley Online Library}
}

@article{li2013ultrafast,
  title={Ultrafast synaptic events in a chalcogenide memristor},
  author={Li, Yi and Zhong, Yingpeng and Xu, Lei and Zhang, Jinjian and Xu, Xiaohua and Sun, Huajun and Miao, Xiangshui},
  journal={Scientific reports},
  volume={3},
  number={1},
  pages={1619},
  year={2013},
  publisher={Nature Publishing Group UK London}
}

@article{chen2016review,
  title={A review of emerging non-volatile memory (NVM) technologies and applications},
  author={Chen, An},
  journal={Solid-State Electronics},
  volume={125},
  pages={25--38},
  year={2016},
  publisher={Elsevier}
}

@inproceedings{wu2017enabling,
  title={Enabling bio-plausible multi-level stdp using cmos neurons with dendrites and bistable rrams},
  author={Wu, Xinyu and Saxena, Vishal},
  booktitle={2017 International Joint Conference on Neural Networks (IJCNN)},
  pages={3522--3526},
  year={2017},
  organization={IEEE}
}

@article{prakash2016multilevel,
  title={Multilevel cell storage and resistance variability in resistive random access memory},
  author={Prakash, Amit and Hwang, Hyunsang},
  journal={Physical Sciences Reviews},
  volume={1},
  number={6},
  pages={20160010},
  year={2016},
  publisher={De Gruyter}
}

@article{wang2022low,
  title={Low-variance memristor-based multi-level ternary combinational logic},
  author={Wang, Xiao-Yuan and Dong, Chuan-Tao and Zhou, Peng-Fei and Nandi, Sanjoy Kumar and Nath, Shimul Kanti and Elliman, Robert G and Iu, Herbert Ho-Ching and Kang, Sung-Mo and Eshraghian, Jason K},
  journal={IEEE Transactions on Circuits and Systems I: Regular Papers},
  volume={69},
  number={6},
  pages={2423--2434},
  year={2022},
  publisher={IEEE}
}

@article{wang2020high,
  title={High-density memristor-CMOS ternary logic family},
  author={Wang, Xiao-Yuan and Zhou, Peng-Fei and Eshraghian, Jason K and Lin, Chih-Yang and Iu, Herbert Ho-Ching and Chang, Ting-Chang and Kang, Sung-Mo},
  journal={IEEE Transactions on Circuits and Systems I: Regular Papers},
  volume={68},
  number={1},
  pages={264--274},
  year={2020},
  publisher={IEEE}
}

@article{eshraghian2018formulation,
  title={Formulation and implementation of nonlinear integral equations to model neural dynamics within the vertebrate retina},
  author={Eshraghian, Jason K and Baek, Seungbum and Kim, Jun-Ho and Iannella, Nicolangelo and Cho, Kyoungrok and Goo, Yong Sook and Iu, Herbert HC and Kang, Sung-Mo and Eshraghian, Kamran},
  journal={International Journal of Neural Systems},
  volume={28},
  number={07},
  pages={1850004},
  year={2018},
  publisher={World Scientific}
}

@article{chen2018neural,
  title={Neural ordinary differential equations},
  author={Chen, Ricky TQ and Rubanova, Yulia and Bettencourt, Jesse and Duvenaud, David K},
  journal={Advances in neural information processing systems},
  volume={31},
  year={2018}
}

@article{eshraghian2023training,
  title={Training spiking neural networks using lessons from deep learning},
  author={Eshraghian, Jason K and Ward, Max and Neftci, Emre O and Wang, Xinxin and Lenz, Gregor and Dwivedi, Girish and Bennamoun, Mohammed and Jeong, Doo Seok and Lu, Wei D},
  journal={Proceedings of the IEEE},
  year={2023},
  publisher={IEEE}
}

@article{tuller2011point,
  title={Point defects in oxides: tailoring materials through defect engineering},
  author={Tuller, Harry L and Bishop, Sean R},
  journal={Annual Review of Materials Research},
  volume={41},
  number={1},
  pages={369--398},
  year={2011},
  publisher={Annual Reviews}
}

@article{cheney2017robustness,
  title={On the robustness of convolutional neural networks to internal architecture and weight perturbations},
  author={Cheney, Nicholas and Schrimpf, Martin and Kreiman, Gabriel},
  journal={arXiv preprint arXiv:1703.08245},
  year={2017}
}

@article{sung2018effect,
  title={Effect of conductance linearity and multi-level cell characteristics of TaOx-based synapse device on pattern recognition accuracy of neuromorphic system},
  author={Sung, Changhyuck and Lim, Seokjae and Kim, Hyungjun and Kim, Taesu and Moon, Kibong and Song, Jeonghwan and Kim, Jae-Joon and Hwang, Hyunsang},
  journal={Nanotechnology},
  volume={29},
  number={11},
  pages={115203},
  year={2018},
  publisher={IOP Publishing}
}

@article{li2018analogue,
  title={Analogue signal and image processing with large memristor crossbars},
  author={Li, Can and Hu, Miao and Li, Yunning and Jiang, Hao and Ge, Ning and Montgomery, Eric and Zhang, Jiaming and Song, Wenhao and D{\'a}vila, Noraica and Graves, Catherine E and others},
  journal={Nature electronics},
  volume={1},
  number={1},
  pages={52--59},
  year={2018},
  publisher={Nature Publishing Group}
}

@article{amirsoleimani2020memory,
  title={In-Memory Vector-Matrix Multiplication in Monolithic Complementary Metal--Oxide--Semiconductor-Memristor Integrated Circuits: Design Choices, Challenges, and Perspectives},
  author={Amirsoleimani, Amirali and Alibart, Fabien and Yon, Victor and Xu, Jianxiong and Pazhouhandeh, M Reza and Ecoffey, Serge and Beilliard, Yann and Genov, Roman and Drouin, Dominique},
  journal={Advanced Intelligent Systems},
  volume={2},
  number={11},
  pages={2000115},
  year={2020},
  publisher={Wiley Online Library}
}

@inproceedings{liu2017rescuing,
  title={Rescuing memristor-based neuromorphic design with high defects},
  author={Liu, Chenchen and Hu, Miao and Strachan, John Paul and Li, Hai},
  booktitle={Proceedings of the 54th Annual Design Automation Conference 2017},
  pages={1--6},
  year={2017}
}

@inproceedings{gaol2021reliable,
  title={Reliable memristor-based neuromorphic design using variation-and defect-aware training},
  author={Gaol, Di and Zhang, Grace Li and Yin, Xunzhao and Li, Bing and Schlichtmann, Ulf and Zhuo, Cheng},
  booktitle={2021 IEEE/ACM International Conference On Computer Aided Design (ICCAD)},
  pages={1--9},
  year={2021},
  organization={IEEE}
}

@article{mehonic2019simulation,
  title={Simulation of inference accuracy using realistic RRAM devices},
  author={Mehonic, Adnan and Joksas, Dovydas and Ng, Wing H and Buckwell, Mark and Kenyon, Anthony J},
  journal={Frontiers in neuroscience},
  volume={13},
  pages={593},
  year={2019},
  publisher={Frontiers Media SA}
}

@article{li2017three,
  title={Three-dimensional crossbar arrays of self-rectifying Si/SiO2/Si memristors},
  author={Li, Can and Han, Lili and Jiang, Hao and Jang, Moon-Hyung and Lin, Peng and Wu, Qing and Barnell, Mark and Yang, J Joshua and Xin, Huolin L and Xia, Qiangfei},
  journal={Nature communications},
  volume={8},
  number={1},
  pages={15666},
  year={2017},
  publisher={Nature Publishing Group UK London}
}

@article{pi2019memristor,
  title={Memristor crossbar arrays with 6-nm half-pitch and 2-nm critical dimension},
  author={Pi, Shuang and Li, Can and Jiang, Hao and Xia, Weiwei and Xin, Huolin and Yang, J Joshua and Xia, Qiangfei},
  journal={Nature nanotechnology},
  volume={14},
  number={1},
  pages={35--39},
  year={2019},
  publisher={Nature Publishing Group UK London}
}

@inproceedings{hu2016dot,
  title={Dot-product engine as computing memory to accelerate machine learning algorithms},
  author={Hu, Miao and Strachan, John Paul and Li, Zhiyong and Stanley, R and others},
  booktitle={2016 17th International Symposium on Quality Electronic Design (ISQED)},
  pages={374--379},
  year={2016},
  organization={IEEE}
}

@article{xia2016technological,
  title={Technological exploration of RRAM crossbar array for matrix-vector multiplication},
  author={Xia, Lixue and Gu, Peng and Li, Boxun and Tang, Tianqi and Yin, Xiling and Huangfu, Wenqin and Yu, Shimeng and Cao, Yu and Wang, Yu and Yang, Huazhong},
  journal={Journal of Computer Science and Technology},
  volume={31},
  number={1},
  pages={3--19},
  year={2016},
  publisher={Springer}
}

@article{agrawal2019x,
  title={X-CHANGR: Changing memristive crossbar mapping for mitigating line-resistance induced accuracy degradation in deep neural networks},
  author={Agrawal, Amogh and Lee, Chankyu and Roy, Kaushik},
  journal={arXiv preprint arXiv:1907.00285},
  year={2019}
}

@article{burr2015experimental,
  title={Experimental demonstration and tolerancing of a large-scale neural network (165 000 synapses) using phase-change memory as the synaptic weight element},
  author={Burr, Geoffrey W and Shelby, Robert M and Sidler, Severin and Di Nolfo, Carmelo and Jang, Junwoo and Boybat, Irem and Shenoy, Rohit S and Narayanan, Pritish and Virwani, Kumar and Giacometti, Emanuele U and others},
  journal={IEEE Transactions on Electron Devices},
  volume={62},
  number={11},
  pages={3498--3507},
  year={2015},
  publisher={IEEE}
}

@article{woo2016improved,
  title={Improved synaptic behavior under identical pulses using AlO x/HfO 2 bilayer RRAM array for neuromorphic systems},
  author={Woo, Jiyong and Moon, Kibong and Song, Jeonghwan and Lee, Sangheon and Kwak, Myounghun and Park, Jaesung and Hwang, Hyunsang},
  journal={IEEE Electron Device Letters},
  volume={37},
  number={8},
  pages={994--997},
  year={2016},
  publisher={IEEE}
}

@inproceedings{wu2018methodology,
  title={A methodology to improve linearity of analog RRAM for neuromorphic computing},
  author={Wu, Wei and Wu, Huaqiang and Gao, Bin and Yao, Peng and Zhang, Xiang and Peng, Xiaochen and Yu, Shimeng and Qian, He},
  booktitle={2018 IEEE symposium on VLSI technology},
  pages={103--104},
  year={2018},
  organization={IEEE}
}

@article{puglisi2016guidelines,
  title={Guidelines for a reliable analysis of random telegraph noise in electronic devices},
  author={Puglisi, Francesco Maria and Pavan, Paolo},
  journal={IEEE Transactions on Instrumentation and Measurement},
  volume={65},
  number={6},
  pages={1435--1442},
  year={2016},
  publisher={IEEE}
}

@article{chai2018impact,
  title={Impact of RTN on pattern recognition accuracy of RRAM-based synaptic neural network},
  author={Chai, Zheng and Freitas, Pedro and Zhang, Weidong and Hatem, Firas and Zhang, Jian Fu and Marsland, John and Govoreanu, Bogdan and Goux, Ludovic and Kar, Gouri Sankar},
  journal={IEEE Electron Device Letters},
  volume={39},
  number={11},
  pages={1652--1655},
  year={2018},
  publisher={IEEE}
}

@inproceedings{wan2020voltage,
  title={A voltage-mode sensing scheme with differential-row weight mapping for energy-efficient RRAM-based in-memory computing},
  author={Wan, Weier and Kubendran, Rajkumar and Gao, Bin and Joshi, Siddharth and Raina, Priyanka and Wu, Huaqiang and Cauwenberghs, Gert and Wong, HS Philip},
  booktitle={2020 IEEE Symposium on VLSI Technology},
  pages={1--2},
  year={2020},
  organization={IEEE}
}

@inproceedings{huang2021method,
  title={A method for obtaining highly robust memristor based binarized convolutional neural network},
  author={Huang, Lixing and Diao, Jietao and Teng, Shuhua and Li, Zhiwei and Wang, Wei and Liu, Sen and Li, Minghou and Liu, Haijun},
  booktitle={INTERNATIONAL CONFERENCE ON WIRELESS COMMUNICATIONS, NETWORKING AND APPLICATIONS},
  pages={813--822},
  year={2021},
  organization={Springer}
}

@article{ye2023improving,
  title={Improving the robustness of analog deep neural networks through a Bayes-optimized noise injection approach},
  author={Ye, Nanyang and Cao, Linfeng and Yang, Liujia and Zhang, Ziqing and Fang, Zhicheng and Gu, Qinying and Yang, Guang-Zhong},
  journal={Communications Engineering},
  volume={2},
  number={1},
  pages={25},
  year={2023},
  publisher={Nature Publishing Group UK London}
}

@article{fang2018improvement,
  title={Improvement of HfO x-based RRAM device variation by inserting ALD TiN buffer layer},
  author={Fang, Yichen and Yu, Zhizhen and Wang, Zongwei and Zhang, Teng and Yang, Yuchao and Cai, Yimao and Huang, Ru},
  journal={IEEE Electron Device Letters},
  volume={39},
  number={6},
  pages={819--822},
  year={2018},
  publisher={IEEE}
}

@article{xia2017stuck,
  title={Stuck-at fault tolerance in RRAM computing systems},
  author={Xia, Lixue and Huangfu, Wenqin and Tang, Tianqi and Yin, Xiling and Chakrabarty, Krishnendu and Xie, Yuan and Wang, Yu and Yang, Huazhong},
  journal={IEEE Journal on Emerging and Selected Topics in Circuits and Systems},
  volume={8},
  number={1},
  pages={102--115},
  year={2017},
  publisher={IEEE}
}

@inproceedings{chen2017accelerator,
  title={Accelerator-friendly neural-network training: Learning variations and defects in RRAM crossbar},
  author={Chen, Lerong and Li, Jiawen and Chen, Yiran and Deng, Qiuping and Shen, Jiyuan and Liang, Xiaoyao and Jiang, Li},
  booktitle={Design, Automation \& Test in Europe Conference \& Exhibition (DATE), 2017},
  pages={19--24},
  year={2017},
  organization={IEEE}
}

@article{jain2019cxdnn,
  title={Cxdnn: Hardware-software compensation methods for deep neural networks on resistive crossbar systems},
  author={Jain, Shubham and Raghunathan, Anand},
  journal={ACM Transactions on Embedded Computing Systems (TECS)},
  volume={18},
  number={6},
  pages={1--23},
  year={2019},
  publisher={ACM New York, NY, USA}
}

@article{wang2020ssm,
  title={SSM: a high-performance scheme for in situ training of imprecise memristor neural networks},
  author={Wang, Yaoyuan and Wu, Shuang and Tian, Lei and Shi, Luping},
  journal={Neurocomputing},
  volume={407},
  pages={270--280},
  year={2020},
  publisher={Elsevier}
}

@inproceedings{li2019build,
  title={Build reliable and efficient neuromorphic design with memristor technology},
  author={Li, Bing and Yan, Bonan and Liu, Chenchen and Li, Hai},
  booktitle={Proceedings of the 24th Asia and South Pacific Design Automation Conference},
  pages={224--229},
  year={2019}
}

@inproceedings{zhu2020statistical,
  title={Statistical training for neuromorphic computing using memristor-based crossbars considering process variations and noise},
  author={Zhu, Ying and Zhang, Grace Li and Wang, Tianchen and Li, Bing and Shi, Yiyu and Ho, Tsung-Yi and Schlichtmann, Ulf},
  booktitle={2020 Design, Automation \& Test in Europe Conference \& Exhibition (DATE)},
  pages={1590--1593},
  year={2020},
  organization={IEEE}
}

@inproceedings{he2019noise,
  title={Noise injection adaption: End-to-end ReRAM crossbar non-ideal effect adaption for neural network mapping},
  author={He, Zhezhi and Lin, Jie and Ewetz, Rickard and Yuan, Jiann-Shiun and Fan, Deliang},
  booktitle={Proceedings of the 56th Annual Design Automation Conference 2019},
  pages={1--6},
  year={2019}
}

@article{joshi2020accurate,
  title={Accurate deep neural network inference using computational phase-change memory},
  author={Joshi, Vinay and Le Gallo, Manuel and Haefeli, Simon and Boybat, Irem and Nandakumar, Sasidharan Rajalekshmi and Piveteau, Christophe and Dazzi, Martino and Rajendran, Bipin and Sebastian, Abu and Eleftheriou, Evangelos},
  journal={Nature communications},
  volume={11},
  number={1},
  pages={2473},
  year={2020},
  publisher={Nature Publishing Group UK London}
}

@dataset{nikolaos_barmpatsalos_2021_5762184,
  author       = {Nikolaos Barmpatsalos and
                  Adnan Mehonic},
  title        = {{SiOx memristor structure - Gradual RESET 
                   conductance modulation}},
  month        = dec,
  year         = 2021,
  publisher    = {Zenodo},
  doi          = {10.5281/zenodo.5762184},
  url          = {https://doi.org/10.5281/zenodo.5762184}
}

@inproceedings{el2008performance,
  title={Performance evaluation of the NVIDIA GeForce 8800 GTX GPU for machine learning},
  author={El Zein, Ahmed and McCreath, Eric and Rendell, Alistair and Smola, Alex},
  booktitle={International Conference on Computational Science},
  pages={466--475},
  year={2008},
  organization={Springer}
}

@article{kendall2020training,
  title={Training end-to-end analog neural networks with equilibrium propagation},
  author={Kendall, Jack and Pantone, Ross and Manickavasagam, Kalpana and Bengio, Yoshua and Scellier, Benjamin},
  journal={arXiv preprint arXiv:2006.01981},
  year={2020}
}

@article{kim2016voltage,
  title={Voltage divider effect for the improvement of variability and endurance of TaOx memristor},
  author={Kim, Kyung Min and Yang, J Joshua and Strachan, John Paul and Grafals, Emmanuelle Merced and Ge, Ning and Melendez, Noraica Davila and Li, Zhiyong and Williams, R Stanley},
  journal={Scientific reports},
  volume={6},
  number={1},
  pages={20085},
  year={2016},
  publisher={Nature Publishing Group UK London}
}

@article{han2015learning,
  title={Learning both weights and connections for efficient neural network},
  author={Han, Song and Pool, Jeff and Tran, John and Dally, William},
  journal={Advances in neural information processing systems},
  volume={28},
  year={2015}
}

@article{feurer2019hyperparameter,
  title={Hyperparameter optimization},
  author={Feurer, Matthias and Hutter, Frank},
  journal={Automated machine learning: Methods, systems, challenges},
  pages={3--33},
  year={2019},
  publisher={Springer International Publishing}
}

@article{fadley2010x,
  title={X-ray photoelectron spectroscopy: Progress and perspectives},
  author={Fadley, Charles S},
  journal={Journal of Electron Spectroscopy and Related Phenomena},
  volume={178},
  pages={2--32},
  year={2010},
  publisher={Elsevier}
}

@article{oswald2006x,
  title={X-ray photoelectron spectroscopy in analysis of surfaces},
  author={Oswald, Steffen},
  journal={Encyclopedia of Analytical Chemistry: Applications, Theory and Instrumentation},
  year={2006},
  publisher={Wiley Online Library}
}

@article{hertz1887ueber,
  title={On the influence of ultraviolet light on electrical discharge},
  author={Hertz, Heinrich},
  journal={Annals of Physics},
  volume={267},
  number={8},
  pages={983--1000},
  year={1887},
  publisher={WILEY-VCH Verlag Leipzig}
}

@article{margaritondo1988100,
  title={100 years of photoemission},
  author={Margaritondo, Giorgio},
  journal={Physics Today},
  volume={41},
  number={4},
  pages={66--72},
  year={1988},
  publisher={American Institute of Physics}
}

@misc{einstein1905generation,
  title={{\"U}ber einem heuristics Standpunkt zur Produktion und Transformation des Lichts},
  author={Einstein, Albert},
  year={1905},
  publisher={Albert Einstein Society}
}

@article{nordling1957precision,
  title={Precision method for obtaining absolute values of atomic binding energies},
  author={Nordling, Carl and Sokolowski, Evelyn and Siegbahn, Kai},
  journal={Physical Review},
  volume={105},
  number={5},
  pages={1676},
  year={1957},
  publisher={APS}
}

@phdthesis{regonini2008anodised,
  title={Anodised TiO2 nanotubes: synthesis, growth mechanism and thermal stability},
  author={Regonini, Domenico},
  year={2008},
  school={University of Bath Bath, UK}
}

@article{geng2002xps,
  title={XPS applications in thin films research},
  author={Geng, Shujiang and Zhang, Sam and Onishi, H},
  journal={Materials Technology},
  volume={17},
  number={4},
  pages={234--240},
  year={2002},
  publisher={Taylor \& Francis}
}

@phdthesis{mannion2022current,
  title={Current transient phenomena in silicon oxide resistance switching oxides: characterisation and computational applications},
  author={Mannion, Daniel John},
  year={2022},
  school={UCL (University College London)}
}

@article{hansen2015double,
  title={A double barrier memristive device},
  author={Hansen, Mirko and Ziegler, Martin and Kolberg, Lucas and Soni, Rohit and Dirkmann, Sven and Mussenbrock, Thomas and Kohlstedt, Hermann},
  journal={Scientific reports},
  volume={5},
  number={1},
  pages={13753},
  year={2015},
  publisher={Nature Publishing Group UK London}
}

@article{wang2006oxygen,
  title={Oxygen vacancy motion in Er-doped barium strontium titanate thin films},
  author={Wang, Junling and Trolier-McKinstry, Susan},
  journal={Applied physics letters},
  volume={89},
  number={17},
  year={2006},
  publisher={AIP Publishing}
}


@article{vanka2022hydrogen,
  title={Hydrogen atom doping—a versatile method for modulated interface resistive switching},
  author={Vanka, Srinivas and Shin, Hyungki and Davidson, Bruce A and Liu, Chong and Zou, Ke},
  journal={Advanced Electronic Materials},
  volume={8},
  number={10},
  pages={2200353},
  year={2022},
  publisher={Wiley Online Library}
}

@article{lagarias1998convergence,
  title={Convergence properties of the Nelder--Mead simplex method in low dimensions},
  author={Lagarias, Jeffrey C and Reeds, James A and Wright, Margaret H and Wright, Paul E},
  journal={SIAM Journal on optimization},
  volume={9},
  number={1},
  pages={112--147},
  year={1998},
  publisher={SIAM}
}

@article{snow1965ion,
  title={Ion transport phenomena in insulating films},
  author={Snow, EH and Grove, AS and Deal, BE and Sah, CT},
  journal={Journal of Applied Physics},
  volume={36},
  number={5},
  pages={1664--1673},
  year={1965},
  publisher={American Institute of Physics}
}

@article{yon1966sodium,
  title={Sodium distribution in thermal oxide on silicon by radiochemical and MOS analysis},
  author={Yon, E and Ko, WH and Kuper, AB},
  journal={IEEE Transactions on Electron Devices},
  volume={1},
  number={2},
  pages={276--280},
  year={1966},
  publisher={IEEE}
}

@article{deal1974current,
  title={The current understanding of charges in the thermally oxidized silicon structure},
  author={Deal, Bruce E},
  journal={Journal of the Electrochemical Society},
  volume={121},
  number={6},
  pages={198C},
  year={1974},
  publisher={IOP Publishing}
}

@article{shen2021experimentally,
  title={Experimentally calibrated electro-thermal modeling of temperature dynamics in memristors},
  author={Shen, Wenqing and Kumar, Suhas and Kumar, Satish},
  journal={Applied Physics Letters},
  volume={118},
  number={10},
  year={2021},
  publisher={AIP Publishing}
}

@article{hofstein1967proton,
  title={Proton and sodium transport in SiO 2 films},
  author={Hofstein, Steven R},
  journal={IEEE Transactions on Electron Devices},
  volume={14},
  number={11},
  pages={749--759},
  year={1967},
  publisher={IEEE}
}

@article{vanheusden1999non,
  title={A non-volatile MOSFET memory device based on mobile protons in SiO2 thin films},
  author={Vanheusden, K and Warren, WL and Devine, RAB and Fleetwood, DM and Draper, BL and Schwank, JR},
  journal={Journal of non-crystalline solids},
  volume={254},
  number={1-3},
  pages={1--10},
  year={1999},
  publisher={Elsevier}
}

@article{vanheusden1998chemical,
  title={Chemical kinetics of mobile-proton generation and annihilation in SiO 2 thin films},
  author={Vanheusden, K and Warren, WL and Fleetwood, DM and Schwank, JR and Shaneyfelt, MR and Draper, BL and Winokur, PS and Devine, RAB and Archer, LB and Brown, GA and others},
  journal={Applied physics letters},
  volume={73},
  number={5},
  pages={674--676},
  year={1998},
  publisher={American Institute of Physics}
}

@article{warren1997protonic,
  title={Protonic nonvolatile field effect transistor memories in Si/SiO/sub 2//Si structures},
  author={Warren, WL and Fleetwood, DM and Schwank, JR and Shaneyfelt, MR and Draper, BL and Winokur, PS and Knoll, MG and Vanheusden, K and Devine, RAB and Archer, LB and others},
  journal={IEEE Transactions on Nuclear Science},
  volume={44},
  number={6},
  pages={1789--1798},
  year={1997},
  publisher={IEEE}
}

@article{vanheusden1998thermally,
  title={Thermally activated electron capture by mobile protons in SiO 2 thin films},
  author={Vanheusden, K and Karna, SP and Pugh, RD and Warren, WL and Fleetwood, DM and Devine, RAB and Edwards, AH},
  journal={Applied physics letters},
  volume={72},
  number={1},
  pages={28--30},
  year={1998},
  publisher={American Institute of Physics}
}

@article{lifshitz1989detection,
  title={Detection of water-related charge in electronic dielectrics},
  author={Lifshitz, N and Smolinsky, G},
  journal={Applied physics letters},
  volume={55},
  number={4},
  pages={408--410},
  year={1989},
  publisher={American Institute of Physics}
}

@article{winokur1977field,
  title={Field-and time-dependent radiation effects at the SiO2/Si interface of hardened MOS capacitors},
  author={Winokur, PS and Boesch, HE and McGarrity, JM and McLean, FB},
  journal={IEEE Transactions on Nuclear Science},
  volume={24},
  number={6},
  pages={2113--2118},
  year={1977},
  publisher={IEEE}
}

@article{ciocci2021differentiating,
  title={Differentiating electrochemically active regions of indium tin oxide electrodes for hydrogen evolution and reductive decomposition reactions. An in situ optical microscopy approach},
  author={Ciocci, Paolo and Lemineur, Jean-Fran{\c{c}}ois and No{\"e}l, Jean-Marc and Combellas, Catherine and Kanoufi, Fr{\'e}d{\'e}ric},
  journal={Electrochimica Acta},
  volume={386},
  pages={138498},
  year={2021},
  publisher={Elsevier}
}

@article{senthilkumar2008electrochemical,
  title={Electrochemical instability of indium tin oxide (ITO) glass in acidic pH range during cathodic polarization},
  author={Senthilkumar, M and Mathiyarasu, J and Joseph, James and Phani, KLN and Yegnaraman, V},
  journal={Materials Chemistry and Physics},
  volume={108},
  number={2-3},
  pages={403--407},
  year={2008},
  publisher={Elsevier}
}

@article{wang2003optical,
  title={Optical degradation of indium tin oxide thin films induced by hydrogen-related room temperature reduction},
  author={Wang, Yu and Chen, Wan Ping and Cheng, Kei Chun and Chan, Helen Lai Wah and Choy, Chung Loong},
  journal={Japanese journal of applied physics},
  volume={42},
  number={5B},
  pages={L546},
  year={2003},
  publisher={IOP Publishing}
}

@article{banerjee1987degradation,
  title={Degradation of tin-doped indium-oxide film in hydrogen and argon plasma},
  author={Banerjee, Ratnabali and Ray, Swati and Basu, N and Batabyal, AK and Barua, AK},
  journal={Journal of applied physics},
  volume={62},
  number={3},
  pages={912--916},
  year={1987},
  publisher={American Institute of Physics}
}

@article{huang2003electrochemical,
  title={The electrochemical behavior of tin-doped indium oxide during reduction in 0.3 M hydrochloric acid},
  author={Huang, CA and Li, KC and Tu, GC and Wang, WS},
  journal={Electrochimica Acta},
  volume={48},
  number={24},
  pages={3599--3605},
  year={2003},
  publisher={Elsevier}
}

@article{liu2015important,
  title={Important implications of the electrochemical reduction of ITO},
  author={Liu, Liang and Yellinek, Shai and Valdinger, Ido and Donval, Ariela and Mandler, Daniel},
  journal={Electrochimica Acta},
  volume={176},
  pages={1374--1381},
  year={2015},
  publisher={Elsevier}
}

@article{moon2019rram,
  title={RRAM-based synapse devices for neuromorphic systems},
  author={Moon, K and Lim, S and Park, J and Sung, C and Oh, S and Woo, J and Lee, J and Hwang, H},
  journal={Faraday discussions},
  volume={213},
  pages={421--451},
  year={2019},
  publisher={Royal Society of Chemistry}
}

@article{zhang2017emulating,
  title={Emulating short-term and long-term plasticity of bio-synapse based on Cu/a-Si/Pt memristor},
  author={Zhang, Xumeng and Liu, Sen and Zhao, Xiaolong and Wu, Facai and Wu, Quantan and Wang, Wei and Cao, Rongrong and Fang, Yilin and Lv, Hangbing and Long, Shibing and others},
  journal={IEEE Electron Device Letters},
  volume={38},
  number={9},
  pages={1208--1211},
  year={2017},
  publisher={IEEE}
}

@article{chang2011short,
  title={Short-term memory to long-term memory transition in a nanoscale memristor},
  author={Chang, Ting and Jo, Sung-Hyun and Lu, Wei},
  journal={ACS nano},
  volume={5},
  number={9},
  pages={7669--7676},
  year={2011},
  publisher={ACS Publications}
}

@article{peng2012resistive,
  title={Resistive switching of Au/ZnO/Au resistive memory: an in situ observation of conductive bridge formation},
  author={Peng, Chung-Nan and Wang, Chun-Wen and Chan, Tsung-Cheng and Chang, Wen-Yuan and Wang, Yi-Chung and Tsai, Hung-Wei and Wu, Wen-Wei and Chen, Lih-Juann and Chueh, Yu-Lun},
  journal={Nanoscale research letters},
  volume={7},
  pages={1--6},
  year={2012},
  publisher={Springer}
}

@article{madams1974migration,
  title={Migration of gold atoms through thin silicon oxide films},
  author={Madams, CJ and Morgan, DV and Howes, MJ},
  journal={Journal of Applied Physics},
  volume={45},
  number={11},
  pages={5088--5090},
  year={1974},
  publisher={American Institute of Physics}
}

@article{tran2019anisotropic,
  title={Anisotropic work function of elemental crystals},
  author={Tran, Richard and Li, Xiang-Guo and Montoya, Joseph H and Winston, Donald and Persson, Kristin Aslaug and Ong, Shyue Ping},
  journal={Surface Science},
  volume={687},
  pages={48--55},
  year={2019},
  publisher={Elsevier}
}

@article{schlaf2001work,
  title={Work function measurements on indium tin oxide films},
  author={Schlaf, R and Murata, H and Kafafi, ZH},
  journal={Journal of Electron Spectroscopy and Related Phenomena},
  volume={120},
  number={1-3},
  pages={149--154},
  year={2001},
  publisher={Elsevier}
}

@article{lentz2013current,
  title={Current Compliance-Dependent Nonlinearity in TiOx ReRAM},
  author={Lentz, Florian and Roesgen, Bernd and Rana, Vikas and Wouters, Dirk J and Waser, Rainer},
  journal={IEEE electron device letters},
  volume={34},
  number={8},
  pages={996--998},
  year={2013},
  publisher={IEEE}
}

@article{yi2016quantized,
  title={Quantized conductance coincides with state instability and excess noise in tantalum oxide memristors},
  author={Yi, Wei and Savel'Ev, Sergey E and Medeiros-Ribeiro, Gilberto and Miao, Feng and Zhang, M-X and Yang, J Joshua and Bratkovsky, Alexander M and Williams, R Stanley},
  journal={Nature communications},
  volume={7},
  number={1},
  pages={11142},
  year={2016},
  publisher={Nature Publishing Group UK London}
}

@article{mehonic2015structural,
  title={Structural changes and conductance thresholds in metal-free intrinsic SiOx resistive random access memory},
  author={Mehonic, Adnan and Buckwell, Mark and Montesi, Luca and Garnett, Leon and Hudziak, Stephen and Fearn, Sarah and Chater, Richard and McPhail, David and Kenyon, Anthony J},
  journal={Journal of Applied Physics},
  volume={117},
  number={12},
  year={2015},
  publisher={AIP Publishing}
}

@phdthesis{joksas2022memristive,
  title={Memristive crossbars as hardware accelerators: modelling, design and new uses},
  author={Joksas, Dovydas},
  year={2022},
  school={UCL (University College London)}
}

@techreport{turlach1993bandwidth,
  title={Bandwidth selection in kernel density estimation: a rewiew},
  author={Turlach, Berwin A},
  year={1993},
  institution={Humboldt Universitaet Berlin}
}

@book{scott2015multivariate,
  title={Multivariate density estimation: theory, practice, and visualization},
  author={Scott, David W},
  year={2015},
  publisher={John Wiley \& Sons}
}

@book{silverman2018density,
  title={Density estimation for statistics and data analysis},
  author={Silverman, Bernard W},
  year={2018},
  publisher={Routledge}
}

@article{jones1993simple,
  title={Simple boundary correction for kernel density estimation},
  author={Jones, M Chris},
  journal={Statistics and computing},
  volume={3},
  pages={135--146},
  year={1993},
  publisher={Springer}
}

@article{markram1997regulation,
  title={Regulation of synaptic efficacy by coincidence of postsynaptic APs and EPSPs},
  author={Markram, Henry and L{\"u}bke, Joachim and Frotscher, Michael and Sakmann, Bert},
  journal={Science},
  volume={275},
  number={5297},
  pages={213--215},
  year={1997},
  publisher={American Association for the Advancement of Science}
}

@article{bastos2022motor,
  title={Motor reserve: How to build neuronal resilience against ageing and neurodegeneration?},
  author={Bastos, PAD and Barbosa, R},
  journal={Revue Neurologique},
  volume={178},
  number={8},
  pages={845--854},
  year={2022},
  publisher={Elsevier}
}

@inproceedings{govoreanu2013vacancy,
  title={Vacancy-modulated conductive oxide resistive RAM (VMCO-RRAM): An area-scalable switching current, self-compliant, highly nonlinear and wide on/off-window resistive switching cell},
  author={Govoreanu, Bogdan and Redolfi, Augusto and Zhang, Leqi and Adelmann, Christoph and Popovici, M and Clima, Sergiu and Hody, Hubert and Paraschiv, Vasile and Radu, IP and Franquet, Alexis and others},
  booktitle={2013 IEEE International Electron Devices Meeting},
  pages={10--2},
  year={2013},
  organization={IEEE}
}

@article{cai2011abel,
  title={Abel dynamics of titanium dioxide memristor based on nonlinear ionic drift model},
  author={Cai, Weiran and Ellinger, Frank and Tetzlaff, Ronald and Schmidt, Torsten},
  journal={arXiv preprint arXiv:1105.2668},
  year={2011}
}

@article{kempter1999hebbian,
  title={Hebbian learning and spiking neurons},
  author={Kempter, Richard and Gerstner, Wulfram and Van Hemmen, J Leo},
  journal={Physical Review E},
  volume={59},
  number={4},
  pages={4498},
  year={1999},
  publisher={APS}
}

@article{campbell2016pulse,
  title={Pulse shape and timing dependence on the spike-timing dependent plasticity response of ion-conducting memristors as synapses},
  author={Campbell, Kristy A and Drake, Kolton T and Barney Smith, Elisa H},
  journal={Frontiers in bioengineering and biotechnology},
  volume={4},
  pages={97},
  year={2016},
  publisher={Frontiers Media SA}
}

@article{deiss1999pulse,
  title={A pulse-coded communications infrastructure for neuromorphic systems},
  author={Deiss, Stephen R and Douglas, Rodney J and Whatley, Adrian M and Maass, W},
  journal={Pulsed neural networks},
  volume={6},
  pages={157--78},
  year={1999},
  publisher={Boston, MA: MIT Press}
}

@article{khodagholy2015neurogrid,
  title={NeuroGrid: recording action potentials from the surface of the brain},
  author={Khodagholy, Dion and Gelinas, Jennifer N and Thesen, Thomas and Doyle, Werner and Devinsky, Orrin and Malliaras, George G and Buzs{\'a}ki, Gy{\"o}rgy},
  journal={Nature neuroscience},
  volume={18},
  number={2},
  pages={310--315},
  year={2015},
  publisher={Nature Publishing Group US New York}
}

@inproceedings{orchard2021efficient,
  title={Efficient neuromorphic signal processing with loihi 2},
  author={Orchard, Garrick and Frady, E Paxon and Rubin, Daniel Ben Dayan and Sanborn, Sophia and Shrestha, Sumit Bam and Sommer, Friedrich T and Davies, Mike},
  booktitle={2021 IEEE Workshop on Signal Processing Systems (SiPS)},
  pages={254--259},
  year={2021},
  organization={IEEE}
}

@article{zha2017imec,
  title={IMEC: A fully morphable in-memory computing fabric enabled by resistive crossbar},
  author={Zha, Yue and Li, Jing},
  journal={IEEE Computer Architecture Letters},
  volume={16},
  number={2},
  pages={123--126},
  year={2017},
  publisher={IEEE}
}

@inproceedings{chen2017neurosim+,
  title={NeuroSim+: An integrated device-to-algorithm framework for benchmarking synaptic devices and array architectures},
  author={Chen, Pai-Yu and Peng, Xiaochen and Yu, Shimeng},
  booktitle={2017 IEEE International Electron Devices Meeting (IEDM)},
  pages={6--1},
  year={2017},
  organization={IEEE}
}

@article{stimberg2019brian,
  title={Brian 2, an intuitive and efficient neural simulator},
  author={Stimberg, Marcel and Brette, Romain and Goodman, Dan FM},
  journal={elife},
  volume={8},
  pages={e47314},
  year={2019},
  publisher={eLife Sciences Publications, Ltd}
}

@article{gewaltig2007nest,
  title={Nest (neural simulation tool)},
  author={Gewaltig, Marc-Oliver and Diesmann, Markus},
  journal={Scholarpedia},
  volume={2},
  number={4},
  pages={1430},
  year={2007}
}

@article{kozicki2016electrochemical,
  title={Electrochemical metallization memories},
  author={Kozicki, Michael N and Mitkova, Maria and Valov, Ilia},
  journal={Resistive switching: from fundamentals of nanoionic redox processes to memristive device applications},
  pages={483--514},
  year={2016},
  publisher={Wiley Online Library}
}

@article{ge2014electrode,
  title={Electrode-material dependent switching in TaOx memristors},
  author={Ge, Ning and Zhang, MX and Zhang, Lu and Yang, J Joshua and Li, Zhiyong and Williams, R Stanley},
  journal={Semiconductor Science and Technology},
  volume={29},
  number={10},
  pages={104003},
  year={2014},
  publisher={IOP Publishing}
}

@article{jeong2008origin,
  title={Origin of subthreshold swing improvement in amorphous indium gallium zinc oxide transistors},
  author={Jeong, Jong Han and Yang, Hui Won and Park, Jin-Seong and Jeong, Jae Kyeong and Mo, Yeon-Gon and Kim, Hye Dong and Song, Jaewon and Hwang, Cheol Seong},
  journal={Electrochemical and Solid-State Letters},
  volume={11},
  number={6},
  pages={H157},
  year={2008},
  publisher={IOP Publishing}
}

@article{hirose1976polarity,
  title={Polarity-dependent memory switching and behavior of Ag dendrite in Ag-photodoped amorphous As2S3 films},
  author={Hirose, Yooichi and Hirose, Haruo},
  journal={Journal of Applied Physics},
  volume={47},
  number={6},
  pages={2767--2772},
  year={1976},
  publisher={American Institute of Physics}
}

@incollection{mabilleau2008vitro,
  title={In vitro biological test methods to evaluate bioresorbability},
  author={Mabilleau, G and Sabokbar, A},
  booktitle={Degradation Rate of Bioresorbable Materials},
  pages={145--160},
  year={2008},
  publisher={Elsevier}
}

@article{zhuge2013advances,
  title={Advances in resistive switching memories based on graphene oxide},
  author={Zhuge, Fei and Fu, Bing and Cao, Hongtao},
  journal={New Prog. Graphene Res},
  volume={7},
  pages={185--206},
  year={2013}
}